2066 3392
28 139 32 146 ,

27 164 31 171 s

6 323 24 351 §.j

2 403 18 422 ,κ

0 424 26 446 ῐ”ῑ

9 491 26 502 ,»

0 578 21 599 ,Η

13 646 26 659 ,i

0 762 28 795 ssg

1 847 28 864 μ’).

2 862 29 882 2³2>

2 1012 8 1020 ,
21 1012 29 1019 .-

15 1166 24 1191 ἰῖ

15 1197 27 1206 ²(
35 1204 37 1207 ’
46 1211 47 1214 ,

14 1318 31 1342 :st

2 1408 30 1438 512.
40 1406 46 1428 *v

9 1443 15 1450 ·-
28 1446 31 1453 l

19 1498 30 1508 ‘v

18 1511 30 1518 ,Δ

2 1583 4 1594 z
15 1603 21 1605 -
31 1584 34 1589 ·
40 1584 53 1610 ἳ-

16 1626 34 1651 Ῐῑ
45 1622 55 1643 '³

0 1674 53 1704 ,ῗῖῗ”’

0 1703 41 1732 »Ψ

0 1740 41 1780 ζίὲέ
50 1752 57 1763 “

8 1878 25 1890 ¹»-

915 223 1031 265 xxxi

198 351 278 393 sint
305 350 482 406 singulis
508 350 635 392 annis
663 350 777 391 inter
797 349 1052 403 vigesimam
1075 347 1251 389 tertiam
1275 346 1370 402 post
1393 345 1673 401 pentecosten
1699 352 1743 387 et

198 420 387 472 primam
415 419 648 468 aduentus,
671 423 715 459 et
745 417 935 458 totidem
965 429 1066 458 cum
1097 415 1180 457 suis
1202 415 1497 456 hebdomadis
1520 415 1662 456 sumat
1684 428 1743 455 ex

197 489 363 530 vltimis
383 489 654 543 vagantium.
717 487 929 541 Exempli
957 486 1112 541 gratia,
1134 485 1161 526 sl
1191 485 1438 527 interfuerit
1459 491 1635 526 tantum
1658 498 1745 526 vna

198 558 421 599 dominica
448 564 554 598 tunc
582 557 793 598 sumenda
815 555 875 597 est
897 556 1054 609 quinta
1075 554 1350 608 vagantium,
1371 553 1399 594 fi
1422 567 1527 595 vero
1555 553 1656 595 duae
1679 553 1743 593 in-

198 627 451 681 cipiendum
483 626 544 667 est
576 639 602 667 a
633 632 801 679 quarta.
834 625 862 665 fi
893 631 995 674 tres,
1026 637 1052 665 a
1088 624 1233 673 tertia,
1264 629 1308 664 et
1340 622 1395 663 sic
1426 622 1482 663 de
1513 621 1622 675 alijs.
1684 620 1745 662 Et

199 698 326 738 iuxta
348 696 462 737 hanc
485 695 683 750 regulam
706 694 894 744 eueniet,
917 694 1098 748 quando
1120 692 1284 734 fuerint
1314 692 1638 746 quinquaginta
1655 697 1745 732 tres

199 766 446 815 dominicae,
481 772 529 807 vt
565 765 867 819 incipiendum
902 764 952 805 s1t
988 763 1045 804 ab
1081 777 1144 809 ea,
1179 777 1280 817 quae
1314 762 1471 804 vltimo
1505 761 1604 802 loco
1632 756 1746 800 lecta

198 835 330 876 fuerit
358 841 460 875 ante
490 833 865 888 septuagesimam.
927 832 1172 886 Nunquam
1195 837 1344 872 autem
1368 830 1567 871 accidere
1589 830 1744 884 potest,

199 905 334 946 etiam
356 904 384 945 s1
407 904 487 945 smt
509 904 832 958 quinquaginta
853 909 941 944 tres
959 902 1209 951 dominicae,
1225 907 1272 942 vt
1290 899 1384 942 sex¹
1403 899 1526 941 fimul
1549 900 1746 942 incidant

200 975 314 1016 inter
333 974 509 1015 tertiam
533 973 627 1027 post
649 973 894 1014 aduentum
913 978 957 1013 et
975 971 1353 1026 septuagesimam,
1371 976 1448 1011 aut
1470 969 1620 1024 postea
1635 970 1749 1011 inter

198 1043 452 1099 vigesimam
475 1044 651 1085 tertiam
674 1042 770 1097 post
791 1041 1075 1097 pentecosten
1098 1047 1142 1083 et
1164 1042 1355 1096 primam
1378 1038 1629 1082 aduentus².

722 1171 767 1217 CI
792 1169 861 1210 De
878 1182 992 1209 anno
1014 1167 1222 1222 biſjz’xtili.

286 1271 330 1318 {I
367 1270 630 1312 Notandum
661 1270 782 1324 quod
814 1283 932 1310 anno
965 1269 1187 1319 bissextili,
1218 1270 1323 1323 quia
1353 1275 1460 1309 tunc
1502 1267 1746 1310 februarius

200 1339 361 1381 dicitur
387 1339 550 1380 habere
575 1339 670 1380 dies
697 1337 858 1380 .xxix.³
886 1339 958 1380 die
991 1339 1143 1380 .xxiiii.
1177 1339 1323 1392 agitur
1353 1339 1410 1379 de
1441 1338 1560 1388 seria,
1591 1343 1636 1379 et
1667 1351 1748 1392 pro

201 1409 331 1450 tertia
373 1406 563 1449 lectione
605 1409 818 1462 repetitur
857 1408 988 1449 tertia
1029 1408 1321 1462 praecedentis
1363 1407 1462 1450 diei.
1523 1407 1609 1448 Die
1635 1421 1747 1449 *vero

200 1491 320 1518 .xxv.
342 1477 488 1530 agitur
512 1477 568 1518 de
598 1474 748 1518 sancto
778 1476 964 1524 Mathia,
989 1483 1221 1531 reputatur
1248 1476 1367 1518 enim
1396 1489 1478 1530 pro
1498 1476 1570 1517 die
1593 1476 1747 1529 .xxiiij.

203 1545 263 1588 Et
283 1545 377 1587 dies
398 1546 534 1587 .xxvi.
552 1551 780 1599 reputatur
801 1559 882 1599 pro
902 1560 1022 1587 .xxv.
1041 1552 1085 1586 et
1107 1545 1160 1587 fic
1183 1546 1238 1587 de
1260 1545 1416 1586 ceteris
1438 1545 1594 1586 diebus
1614 1545 1748 1599 vsque

201 1616 257 1657 ad
281 1615 412 1657 finem
437 1615 603 1657 menfis.
666 1615 784 1656 Nam
814 1616 934 1670 quod
964 1616 1155 1669 pertinet
1177 1616 1232 1656 ad
1257 1614 1463 1668 psalmos,
1483 1620 1528 1655 et
1557 1614 1746 1668 primam

202 1698 253 1725 ae
285 1684 519 1726 secundam
550 1682 785 1726 leffionem
820 1684 929 1726 nihil
959 1684 1090 1726 refert
1117 1685 1166 1726 s1t
1195 1699 1250 1726 ne
1272 1698 1415 1726 annus
1437 1684 1668 1726 bissextilis
1690 1699 1744 1726 an

203 1767 301 1796 non.

202 1878 248 1925 (Ι
274 1874 396 1927 Quid
399 1876 591 1930 fingulzls·
609 1876 757 1919 diebus
776 1876 1087 1919 aduertendum
1109 1883 1340 1931 antequam
1363 1876 1536 1918 dicatur
1554 1877 1746 1931 officium.

288 1980 333 2026 {I
368 1976 580 2020 Disturus
602 1993 708 2034 ergo
729 1979 920 2020 officium
945 1980 1145 2020 diuinum
1169 1978 1345 2033 singulis
1368 1979 1526 2020 diebus
1547 1980 1748 2021 animad-

204 2053 375 2089 uertere
403 2048 538 2089 debet
570 2047 619 2089 s1t
648 2061 703 2088 ne
731 2048 967 2097 dominica,
990 2061 1045 2088 an
1074 2047 1192 2096 seria,
1214 2052 1291 2087 aut
1314 2046 1558 2096 sabbatum,
1581 2053 1625 2088 et
1646 2061 1747 2101 quae

202 2115 434 2157 dominica.
466 2115 534 2157 vel
567 2129 667 2169 quae
701 2115 819 2157 feria.
853 2116 959 2157 item
991 2122 1154 2169 quotus
1186 2115 1282 2156 dies
1313 2114 1470 2155 mensls
1502 2114 1562 2167 fit,
1585 2115 1748 2157 deinde

205 2184 403 2240 inspiciat
432 2186 475 2226 in
506 2185 772 2227 Calendario
804 2186 910 2239 quid
943 2200 997 2226 eo
1028 2186 1101 2226 die
1132 2191 1341 2226 occurrat.
1377 2184 1595 2227 videlicet.
1626 2188 1746 2240 quod

203 2253 357 2296 festum
379 2261 456 2296 aut
478 2269 578 2309 quae
600 2256 730 2296 tertia
752 2253 883 2297 lec'tio
906 2255 955 2296 s1t
977 2255 1200 2308 assignata,
1223 2261 1268 2295 et
1291 2254 1344 2295 slc
1367 2268 1426 2295 ex
1449 2253 1748 2310 suprascriptis

205 2323 365 2377 regulis
387 2325 468 2366 erit
489 2325 528 2365 ei
561 2323 820 2366 facillimum
845 2324 959 2374 scire,
981 2325 1100 2378 quod
1125 2324 1318 2364 officium
1341 2337 1482 2378 agere,
1505 2338 1618 2378 quos
1640 2325 1746 2367 item

205 2392 407 2447 psalmos,
429 2401 471 2434 ct
493 2407 603 2448 quas
627 2392 838 2436 lectiones
861 2394 1005 2448 legere
1027 2394 1188 2435 debeat
1199 2392 1221 2434 ⁴.

250 2554 263 2577 ¹
288 2554 347 2590 sex
372 2567 379 2590 τ
395 2557 495 2591 omit.
514 2558 558 2591 A.
1011 2558 1098 2591 vide
1113 2557 1226 2591 etiam
1239 2558 1278 2602 p.
1298 2556 1380 2591 xxii.

252 2599 267 2620 ²
292 2601 341 2646 (s
371 2602 549 2639 Similiter
566 2603 728 2639 officium
747 2602 941 2640 defuncto·
1057 2603 1071 2625 ³
1095 2605 1155 2638 xix
1178 2615 1184 2639 :
1204 2604 1238 2638 A
1253 2607 1323 2647 fler
1337 2615 1511 2638 errarem,

207 2659 287 2684 rum
312 2659 386 2684 non
411 2650 545 2685 dicitur
570 2650 631 2685 nisu
659 2651 767 2685 semol
794 2657 940 2685 tanturn
1058 2649 1071 2672 ⁴
1097 2651 1174 2685 Hic
1197 2651 1305 2685 addit
1333 2652 1369 2685 P.
1405 2651 1586 2685 Tabulam
1620 2651 1748 2686 litera-

207 2694 245 2730 in
267 2697 424 2732 crastino
446 2698 612 2732 omnium
636 2697 856 2741 sanflorum‚
879 2698 940 2733 sed
1011 2709 1097 2732 rum
1124 2698 1421 2742 dominicalium,
1456 2699 1630 2733 Aureum
1664 2699 1746 2734 Nu-

208 2741 354 2783 singulis
372 2744 504 2779 diebus
528 2745 565 2779 fit
590 2745 772 2780 memoria
788 2745 835 2780 de
858 2745 940 2790 ipsis
1010 2757 1164 2787 merum,
1178 2750 1214 2780 et
1231 2746 1417 2780 Canonem
1430 2746 1745 2781 Noviluniorunz.

208 2790 443 2826 terminando
466 2791 624 2837 singulas
647 2793 758 2827 horas
781 2804 857 2838 per,
882 2793 910 2827 F
915 2792 942 2826 i·
1019 2793 1104 2827 Vide
1129 2793 1234 2838 infra
1245 2795 1285 2838 p.
1305 2793 1326 2827 l.

209 2835 347 2872 delium
381 2838 517 2874 animae
554 2839 643 2875 &c.:
685 2840 768 2874 add.
804 2841 847 2874 Α.
870 2839 947 2884 sed
