2066 3392
872 185 943 219 ΝΟ
951 185 1172 220 VEMBER.

500 263 664 309 Oratim

185 327 367 422 DEus
406 340 549 381 veniae
590 339 784 406 iargstor,
818 344 864 381 et
903 334 984 381 hu-

302 411 447 438 manae
479 397 628 439 salut1s
657 403 841 447 amator,
863 411 984 452 quae-

1776 172 1857 226 167

1047 263 1217 306 Deinde
1237 269 1323 305 tres
1344 263 1636 317 itffrafi‘riptoe
1662 262 1856 306 lemone's

1050 322 1328 376 incipiuntur,
1350 329 1392 363 et
1414 320 1697 363 terminatur⁶
1723 322 1856 363 etiam

1049 380 1236 433 abfhlute
1271 379 1370 433 stne
1409 379 1775 422 benediczzbnibus.
1813 386 1857 422 et

180 453 327 496 sumus
349 455 632 497 clementiam
655 461 792 506 tuam,
812 461 860 497 vt
889 454 984 496 nos·
1039 438 1147 493 stne·
1168 438 1238 480 TU
1260 444 1424 480 autem·

180 517 261 553 trae
293 514 649 567 congregationis
685 513 852 561 fratres,
884 526 983 567 pro·

181 570 384 625 pinquos,
400 573 567 613 amicos
584 578 651 613 :et
667 568 983 620 benefaGtores,

181 628 256 682 qui
298 642 357 670 ex
397 628 482 670 hoc
528 629 672 670 seculo
711 629 984 678 tranfierunt,

181 686 314 728 beata
347 687 490 728 Maria
521 687 690 742 semper
719 687 889 741 virgine
920 687 985 728 in-

180 745 435 786 tercedente
461 759 561 786 cum
591 745 797 786 omnibus
810 743 985 786 sanetis

181 802 281 851 tuis,
324 803 380 844 ad
422 809 648 857 perpetuae
699 802 985 845 beatitudinis

180 859 445 902 consortium
467 862 699 915 peruenire
720 862 951 903 concedas.

502 967 668 1011 Oratio.

267 1042 458 1084 Idelium
500 1044 610 1084 deus
646 1043 846 1084 omnium
883 1056 986 1084 con-

293 1101 423 1151 ditor,
456 1106 501 1143 et
532 1101 787 1155 redemptor
818 1101 988 1142 anima-

185 1157 270 1200 bus
319 1159 586 1200 famulorum
634 1159 988 1212 famularumque

184 1222 359 1258 tuarum
397 1217 686 1258 remissionem
728 1214 987 1258 cunetorum

183 1274 329 1316 tribue
362 1281 646 1329 peccatorum
676 1281 725 1317 vt
755 1274 989 1328 indulgen-

183 1332 306 1382 tiam,
338 1346 473 1387 quam
511 1332 679 1387 semper
708 1338 990 1386 optauerunt,

184 1390 270 1445 pijs
301 1390 692 1446 supplicationibus
720 1390 989 1444 consequan-

185 1454 258 1490 tur
279 1463 288 1489 :
309 1450 384 1502 qui
410 1449 523 1490 viuis
550 1456 618 1490 etc.
692 1447 737 1490 V.
770 1449 989 1502 Requiem

184 1512 398 1548 aeternam
439 1513 508 1549 etc.
568 1506 625 1547 R.
671 1506 731 1548 Et
772 1506 851 1547 lux
893 1520 990 1560 per-

184 1571 322 1619 petua
369 1570 439 1606 etc.
513 1563 560 1607 V.
600 1564 898 1619 Requiescant
945 1565 989 1606 in

184 1636 306 1678 pace.
365 1623 422 1665 R.
444 1621 607 1665 Amen.

244 1746 290 1793 (I
331 1744 685 1788 Commemoratio
716 1745 910 1787 omnium
928 1744 992 1800 fi-

186 1802 348 1845 delium
369 1803 668 1857 deflendorum
678 1802 700 1845 ¹.

196 1888 282 1972 H
296 1887 406 1931 Odie
423 1895 587 1943 prceter
607 1888 789 1943 efficium
814 1888 904 1930 diei
925 1888 992 1930 di·

320 1946 437 1988 citur
459 1947 591 1988 etiam
623 1946 889 1988 matutinum
911 1954 994 2001 pro

187 2003 412 2056 deficnc‘lzk.
451 2004 498 2045 in
533 2018 615 2058 quo
649 2004 810 2046 coeteris
838 2005 995 2058 omffs

187 2061 374 2114 absolute
385 2062 550 2103 dicitur
559 2062 887 2104 Inuitatorimn.
907 2063 994 2103 Re-

187 2133 304 2174 gem,
343 2120 412 2161 cui
453 2120 604 2161 omnia
643 2120 810 2169 viuunt,
846 2120 994 2161 venite

189 2177 437 2220 adoremus.
497 2177 666 2219 Deinde
685 2177 883 2231 psalmus
906 2178 994 2219 Ve-

193 2235 284 2277 nite
312 2235 566 2277 exultemus
595 2242 664 2277 etc.
693 2236 738 2277 in
755 2235 853 2290 fine
875 2235 997 2277 cuius

180 2293 279 2348 post
336 2294 554 2348 Requiem
605 2300 829 2335 aeternam.
886 2301 995 2347 repe-

191 2349 323 2393 titur²
355 2349 422 2392 in³
451 2351 757 2392 inuitatorimn
782 2358 823 2393 et
840 2351 995 2406 statim

190 2409 399 2451 dicuntur
429 2409 560 2451 etiam
592 2408 778 2462 absolute
813 2415 899 2450 tres
929 2409 995 2450 in-

180 2466 420 2522 srascrtpti
427 2467 593 2521 psalmi
611 2466 818 2520 Psalmus
846 2467 996 2508 Verba

194 2522 326 2567 mea⁴.
384 2524 594 2578 Psalmus
625 2525 819 2566 Domine
860 2538 915 2566 ne
952 2525 995 2565 in

195 2582 351 2624 surore.
410 2582 628 2636 Pfizlmus.
693 2582 998 2636 Quemadmo-

193 2640 301 2683 dum
324 2640 568 2696 desyderat.
612 2641 742 2682 Pater
764 2640 907 2683 noster
926 2646 995 2682 etc.

264 2765 276 2789 ¹
302 2764 364 2801 die
380 2775 408 2800 ,ι
432 2764 473 2800 in
491 2774 538 2800 m.
565 2764 610 2799 V.
661 2774 681 2800 2
706 2776 713 2799 :
736 2765 779 2799 R.
802 2765 840 2799 P.
860 2765 904 2800 A.

260 2807 277 2836 ²
302 2812 482 2858 reperitur
501 2823 508 2846 :
527 2811 571 2847 A.

263 2859 278 2883 ³
303 2860 342 2895 in
365 2869 459 2895 :om.
482 2859 524 2893 R.
547 2860 584 2894 P.
605 2858 647 2894 A.

263 2907 276 2930 ⁴
302 2907 350 2942 In
374 2906 545 2952 margine
562 2914 616 2948 27.
637 2914 691 2950 37.
718 2915 774 2949 40.
793 2905 886 2941 Hcec
896 2905 998 2951 sunt

182 2955 287 3002 solia
300 2954 340 2988 in
354 2952 658 2999 quibuspsalmos
668 2961 697 2998 5.
710 2951 742 2987 6.
750 2962 806 2996 41.
815 2952 995 2988 invenies.

265 3001 279 3024 ⁵
305 3000 566 3037 terminantur:
582 3000 618 3035 P.
627 2999 924 3036 determinantur
936 3000 996 3036 2A.

1129 564 1276 606 Lec‘Zio
1294 563 1335 618 j.
1356 577 1408 605 ex
1424 563 1560 618 capite
1579 574 1657 616 .19.
1680 561 1784 604 lobss.

1059 651 1226 734 PElli
1268 664 1380 693 meae
1413 649 1856 709 consumptis-carni-

1167 709 1497 764 bus...repos1ta
1532 709 1594 751 est
1633 708 1730 750 haec
1762 708 1858 763 spes

1054 781 1153 809 mea
1175 768 1219 808 in
1242 767 1332 808 smu
1356 781 1467 809 meo.
1501 790 1506 793 v

1110 825 1280 866 Deinde
1299 825 1391 867 loco.
1420 826 1491 867 Tu
1513 830 1675 866 autem.
1708 823 1754 865 in
1763 823 1860 879 fine

1053 882 1275 936 cuiuslibet
1291 883 1451 924 Icarum
1477 883 1614 924 trium
1634 882 1859 924 lebiionum

1053 942 1217 983 dicitur
1266 941 1355 995 Qui
1396 947 1607 983 venturus
1648 954 1696 982 es
1747 940 1860 982 iudi-

1044 1013 1154 1041 care
1194 999 1319 1040 viuos
1362 1005 1407 1041 et
1452 1005 1664 1048 mortum,
1705 1003 1754 1039 tu
1796 998 1860 1039 eis

1053 1058 1236 1099 domine
1262 1058 1381 1099 dona
1410 1057 1618 1112 requiem,
1640 1062 1685 1098 et
1713 1055 1860 1098 locum

1055 1115 1354 1170 indulgentiae.

1056 1241 1102 1288 ΙΙ
1144 1239 1290 1282 Lec‘lio
1317 1240 1508 1295 secunda
1547 1254 1599 1281 ex
1636 1239 1770 1294 capite
1809 1247 1862 1293 .5.

1356 1297 1572 1341 Ioannis&

1058 1384 1229 1470 AMen
1271 1399 1402 1426 amen
1445 1385 1546 1427 dico
1587 1385 1714 1427 vobis
1757 1384 1863 1439 quia

1175 1443 1250 1497 qui
1271 1444 1455 1484 verbum
1479 1457 1628 1484 meum
1658 1443 1794 1493 audit,
1818 1449 1864 1484 et

1058 1502 1333 1555 credit...qui
1367 1515 1472 1543 vero
1510 1501 1629 1542 mala
1665 1506 1864 1555 egerunt,

1058 1562 1102 1603 in
1126 1557 1484 1602 resurreetionem
1507 1558 1665 1614 iudicij.
1699 1558 1867 1600 Deinde

1060 1619 1149 1674 Qui
1171 1623 1383 1660 venturus
1405 1631 1451 1658 es
1473 1623 1554 1660 etc.

1059 1746 1104 1792 (T
1136 1742 1283 1785 Lei‘iio
1304 1741 1378 1796 ‚iij
1399 1755 1451 1783 ex
1469 1741 1603 1796 capite
1622 1750 1703 1794 .15.
1725 1740 1865 1796 episto-

1085 1801 1140 1844 loe
1149 1801 1311 1858 primae
1328 1799 1469 1841 Pauli
1486 1799 1550 1841 ad
1570 1798 1845 1853 Corintlnbs⁸.

1067 1887 1240 1971 ECce
1281 1886 1537 1941 mysterium
1578 1886 1704 1927 vobis
1753 1886 1864 1928 dico.

1172 1944 1341 1987 Omnes
1362 1944 1543 1998 quidem
1566 1943 1839 1998 resurgemus
1859 1960 1867 1986 :

1064 2003 1193 2057 ...qui
1223 2003 1347 2044 dedit
1376 2002 1504 2043 nobis
1525 2000 1756 2044 vietoriam
1789 2015 1868 2056 per

1060 2061 1292 2103 dominum
1325 2059 1519 2101 nostrum
1549 2059 1691 2101 Iesum
1722 2059 1866 2102 Chris-

1062 2116 1188 2160 tum⁹.
1251 2118 1339 2172 Qui
1362 2123 1572 2159 venturus
1594 2131 1641 2158 es
1664 2123 1744 2159 etc.

1122 2175 1221 2217 Post
1243 2174 1456 2217 leEtiones
1482 2174 1627 2216 statim
1656 2175 1870 2217 dicuntur

1061 2233 1125 2275 ad
1146 2232 1294 2275 laudes
1315 2232 1591 2287 infrascripti
1608 2232 1774 2287 psalmi
1791 2233 1870 2287 qni

1060 2292 1192 2334 etiam
1224 2291 1495 2345 incipiuntur
1523 2290 1710 2344 abfhlute
1738 2291 1867 2344 Psal-

1062 2363 1162 2392 mus
1206 2346 1510 2390 Miseremini¹⁰
1556 2347 1690 2391 mein.
1752 2349 1866 2390 Psal-

1064 2421 1162 2449 mus
1192 2407 1258 2448 Te
1289 2408 1417 2448 decet
1449 2406 1655 2460 hymnus
1718 2405 1867 2450 Canti-

1061 2479 1156 2506 cum
1181 2465 1280 2518 Ego
1297 2465 1404 2507 dixi.
1464 2464 1532 2506 Et
1548 2464 1761 2506 canticum
1785 2465 1868 2507 Be-

1064 2520 1276 2565 nedietus.
1337 2522 1505 2564 Deinde
1557 2523 1687 2564 Pater
1736 2523 1872 2578 noster

1062 2587 1104 2623 et
1128 2587 1275 2623 caetera
1302 2581 1448 2622 omnia
1476 2586 1525 2622 vt
1541 2580 1682 2634 snpra
1706 2580 1753 2622 in
1783 2580 1870 2635 ves-

1054 2639 1175 2692 peris
1186 2638 1531 2693 preeccdentibus.

1135 2762 1150 2785 ⁰
1175 2761 1259 2856 [xix.
1281 2762 1447 2809 20—27.]

1135 2810 1148 2833 ⁷
1192 2823 1222 2845 v.
1240 2809 1406 2856 24—29.]

1138 2857 1152 2879 ⁸
1179 2858 1394 2893 Corinthios
1412 2857 1446 2902 .j.
1484 2858 1521 2892 P.
1542 2857 1585 2893 A.
1616 2855 1687 2904 [κν.
1705 2857 1872 2904 51—57.]

1134 2904 1149 2926 ⁰
1174 2905 1318 2939 Deinde
1338 2916 1344 2940 :
1362 2904 1445 2939 add.
1464 2904 1508 2939 A.

1123 2951 1152 2974 ¹⁰
1179 2951 1353 2987 Miserere
1377 2962 1384 2986 :
1405 2952 1446 2986 R.
1470 2952 1506 2986 P.
1527 2951 1570 2986 A.

1125 2997 1149 3021 ¹¹
1175 2998 1223 3034 In
1237 2999 1407 3045 margine
1427 2999 1479 3044 58.
1500 3009 1555 3041 40.
1577 2999 1631 3034 26.
