2066 3392
232 238 256 269 2
716 238 971 273 DOMINICA
1004 238 1076 270 AD
1106 237 1179 269 MA
1190 236 1436 270 TUTINUM

291 316 351 359 Et
384 329 486 371 rege
526 330 614 367 e05,
646 323 692 359 et
731 316 900 359 extolle
941 315 1039 357 illos

233 374 368 429 vsque
389 375 433 416 in
456 381 683 417 aeternum.

295 434 376 475 Per
396 433 586 488 fingulos
614 434 709 475 dies
736 432 1039 475 benedicimus

233 497 290 533 te.

295 550 356 591 Et
383 548 618 591 laudamus
647 561 811 590 nornen
841 554 967 589 tuum
997 547 1040 587 in

235 607 459 649 seculum:
480 613 525 649 et
546 608 589 648 in
613 606 804 648 seculum
827 605 966 647 seculi.

296 666 495 720 Dignare
525 666 706 707 domine
737 665 810 705 die
840 663 919 705 isto
954 662 1043 704 fine

237 730 421 778 peccato
443 737 523 765 nos
546 722 770 764 custodire.

297 781 502 822 Miserere
530 780 662 822 nostri
690 780 871 822 domine
904 792 914 822 :
946 777 1045 820 mis-

238 853 359 881 erere
381 838 524 881 nostri.

298 898 399 939 Fiat
429 895 724 938 misericordia
754 900 832 936 tua
864 894 1045 936 domine

238 955 366 1009 super
393 968 474 996 nos
505 967 515 996 ε
543 953 924 1009 quemadmodum
953 952 1047 1006 spe-

239 1014 434 1055 rauimus
455 1013 499 1053 in
521 1019 577 1054 te.

302 1071 354 1112 In
391 1076 436 1112 te
471 1070 652 1112 domine
692 1068 862 1124 speraui

236 1129 486 1171 vconfundar
507 1129 552 1170 in
574 1135 802 1170 aeternum.

904 1083 913 1111 :
955 1081 1045 1110 non

301 1254 346 1300 ΙΙ
369 1250 452 1293 Ad
466 1250 626 1294 landes.
684 1250 894 1304 Psalmus
914 1250 993 1302 6.5.

264 1340 301 1434 ἒ
326 1338 358 1424 ζ
379 1343 561 1386 Vbilate
591 1344 677 1385 deo
703 1343 847 1384 omnis
875 1349 1025 1384 terra..

414 1402 754 1445 misericordiam
777 1401 897 1444 suam
920 1415 946 1442 a
968 1414 1050 1443 me.

494 1498 704 1552 Psalmns
723 1509 763 1551 .9
767 1505 803 1550 5.

325 1584 498 1626 Antate
523 1583 707 1624 domino
728 1582 948 1623 canticum
973 1594 1051 1622 no-

354 1648 566 1684 uum...et
587 1641 778 1696 populos
799 1641 843 1681 in
866 1641 1052 1682 veritate

247 1701 334 1743 sua.

315 1786 544 1831 Canticum
576 1787 713 1829 trium
734 1794 983 1842 puerorum.

255 1869 566 1952 BEnedicite
587 1869 738 1910 omnia
754 1882 890 1922 opera
910 1869 1055 1910 domi—

359 1941 404 1968 n1
426 1928 611 1968 domino
644 1942 653 1968 ε
687 1926 878 1976 laudate,
911 1933 955 1968 et
990 1926 1056 1967 su-

249 1999 329 2040 per
349 1984 547 2026 exaltate
569 1998 670 2026 eum
693 1985 736 2025 in
759 1984 912 2026 secula.

308 2043 565 2085 Benedicite
595 2043 741 2097 angeli
777 2043 945 2084 domini
979 2043 1058 2084 do-

250 2102 371 2143 mino
396 2115 404 2143 :
427 2101 673 2142 benedicite
694 2100 790 2142 caeli
813 2101 1006 2142 domino.

311 2159 567 2200 Benedicite
599 2173 728 2213 aquae
759 2172 928 2205 omnes,
954 2173 1056 2212 quae

251 2217 378 2272 super
397 2217 529 2258 caelos
552 2216 648 2258 sunt
673 2216 857 2258 domino
886 2231 894 2258 :
921 2217 1055 2258 bene-

250 2276 385 2317 dicite
436 2289 592 2316 omnes
646 2275 832 2316 virtutes
886 2275 1057 2316 domini

251 2334 445 2375 domino.

313 2391 568 2432 Benedicite
585 2390 656 2440 sol,
671 2396 715 2432 et
729 2390 834 2432 luna
851 2390 1059 2434 domino:

252 2449 500 2491 benedicite
522 2448 655 2490 stellae
678 2449 773 2489 caeli
795 2450 988 2491 domino.

315 2508 569 2548 Benedicite
605 2507 756 2556 imber,
792 2514 837 2548 et
873 2521 943 2548 ros
980 2508 1059 2549 do-

255 2566 377 2606 mino
406 2581 415 2606 :
440 2565 688 2606 benedicite
708 2578 863 2606 omnes
887 2565 1059 2619 spiritus

254 2624 325 2664 dei
348 2623 542 2663 domino.

314 2681 569 2721 Benedicite
598 2680 723 2733 ignis,
754 2686 798 2721 et
827 2680 955 2722 aestus
981 2682 1059 2722 do-

256 2738 377 2778 mino
398 2753 407 2778 2
429 2738 678 2780 benedicite
701 2738 850 2792 frigus,
867 2745 912 2780 et
934 2739 1060 2780 aestas

254 2796 451 2837 domino.

313 2853 568 2894 Benedicite
623 2867 754 2902 rores,
803 2859 848 2895 et
903 2855 1062 2908 pruina

253 2911 436 2951 domino
487 2926 496 2951 ε
548 2911 807 2962 benedicite,
861 2913 963 2966 gelu
1016 2919 1061 2954 et

252 2969 388 3023 frigus
420 2969 614 3010 domino.

410 3046 421 3065 ¹
448 3053 483 3082 et
508 3049 634 3081 :omia
658 3048 699 3081 R.

937 3045 950 3064 ²
976 3056 1010 3084 et
1036 3048 1158 3093 :pres
1180 3050 1227 3084 R.

1165 314 1422 356 Benedicite
1469 313 1646 368 glacies,
1692 318 1737 355 et
1789 311 1916 353 niues

1105 373 1290 414 domino
1329 387 1338 413 :
1380 373 1630 415 benedicite
1673 377 1826 413 noctes
1869 375 1916 411 et

1106 431 1202 471 dies
1234 430 1430 472 domino.

1166 488 1421 529 Benedicite
1467 487 1561 537 lux,
1602 485 1667 538 et²
1718 484 1915 528 tenebrae

1107 545 1291 586 domino
1323 560 1332 587 ε
1365 546 1615 587 benedicite
1648 544 1836 598 fulgura,
1871 548 1918 584 et

1110 603 1249 644 nubes
1267 603 1465 645 domino.

1169 661 1409 702 Benedicat
1423 667 1538 702 terra
1551 660 1783 701 dominum
1795 657 1918 700 :²lau-

1109 719 1198 767 det,
1228 724 1273 760 et
1303 719 1604 773 superexaltet
1638 731 1741 759 eum
1776 717 1820 758 in
1856 715 1917 757 se-

1111 777 1221 818 cula.

1170 834 1426 876 Benedicite
1469 838 1654 883 montes,
1695 838 1740 874 et
1784 830 1919 874 colles

1112 891 1296 933 domino
1318 907 1327 933 ε
1346 892 1594 933 benedicite
1609 890 1808 932 vniuersa
1824 903 1921 944 ger-

1114 950 1330 991 minantia
1352 950 1395 991 in
1417 956 1532 991 terra
1554 949 1749 990 domino.

1173 1008 1428 1049 Benedicite
1485 1008 1630 1048 fontes
1681 1005 1866 1048 domino
1911 1019 1921 1045 ι

1113 1065 1361 1107 benedicite
1390 1066 1538 1116 maria,
1562 1071 1606 1107 et
1633 1063 1818 1106 flumina
1842 1063 1921 1104 do-

1117 1137 1250 1165 mmo.

1174 1181 1431 1222 Benedicite
1452 1186 1561 1231 cete,
1583 1185 1628 1221 et
1649 1179 1800 1221 omnia
1821 1191 1921 1232 quae

1117 1246 1353 1281 mouentur
1366 1240 1409 1280 in
1425 1239 1551 1293 aquis
1567 1238 1750 1279 domino
1767 1251 1775 1278 :
1791 1237 1923 1278 bene-

1116 1298 1251 1339 dicite
1283 1311 1440 1338 omnes
1472 1297 1674 1339 volucres
1709 1294 1805 1337 caeli
1845 1295 1925 1336 do-

1118 1356 1251 1397 mino.

1177 1413 1433 1454 Benedicite
1482 1425 1638 1454 omnes
1678 1410 1839 1461 bestiae,
1879 1415 1926 1451 et

1117 1485 1277 1525 pecora
1308 1471 1491 1512 domino
1523 1486 1531 1511 :
1564 1470 1814 1512 benedicite
1846 1467 1923 1521 filij

1116 1529 1346 1570 hominum
1369 1529 1561 1569 domino.

1178 1587 1419 1628 Benedicat
1464 1585 1587 1627 israel
1634 1585 1866 1626 dominum
1915 1597 1924 1624 z

1117 1643 1303 1695 ”lauden
1336 1650 1381 1686 et
1412 1643 1713 1698 superexaltet
1745 1655 1847 1684 eum
1880 1641 1924 1682 in

1119 1703 1274 1744 secula.

1180 1760 1436 1802 Benedicite
1472 1759 1720 1800 sacerdotes
1755 1757 1926 1800 domini

1119 1819 1304 1861 domino
1331 1834 1339 1860 ι
1359 1818 1608 1860 benedicite
1630 1816 1738 1858 serui
1755 1815 1926 1858 domini

1121 1877 1317 1919 domino.

1181 1934 1435 1976 Benedicite
1465 1933 1651 1987 spiritus,
1685 1938 1731 1974 et
1764 1931 1926 1973 animae

1123 1992 1331 2033 iustorum
1383 1992 1566 2033 domino
1618 2005 1628 2031 τ
1679 1990 1928 2031 benedicite

1123 2050 1271 2096 sancti,
1289 2056 1334 2091 et
1354 2049 1543 2090 humiles
1565 2048 1698 2090 corde
1719 2048 1916 2089 domino.

1184 2108 1449 2156 Benedicite,
1505 2106 1699 2149 Anania
1752 2105 1929 2154 Azaria,

1125 2165 1278 2208 Misael
1305 2163 1558 2206 dominum⁸
1590 2164 1769 2205 laudate
1797 2169 1843 2205 et
1864 2162 1929 2203 su-

1123 2223 1402 2279 perexaltate
1423 2236 1523 2264 eum
1547 2222 1590 2263 in
1613 2221 1766 2262 secula.

1184 2282 1505 2323 Benedicamus
1523 2287 1706 2334 patrem,
1723 2285 1768 2320 et
1789 2278 1927 2319 filium

1124 2353 1225 2381 cum
1248 2337 1397 2380 san&o
1419 2339 1569 2392 spiritu
1598 2353 1607 2379 :
1634 2337 1865 2378 laudemus
1886 2342 1931 2377 et

1124 2397 1502 2452 superexaltemus
1525 2409 1626 2437 eum
1649 2396 1692 2436 in
1715 2394 1866 2436 secula.

1185 2453 1449 2496 Benedi6tus
1485 2468 1531 2495 es
1567 2454 1748 2495 domine
1780 2453 1823 2493 in
1861 2451 1931 2492 fir-

1126 2519 1355 2555 mamento
1406 2512 1502 2553 caeli
1546 2525 1555 2552 ε
1595 2517 1640 2552 et
1685 2509 1932 2558 laudabilis,

1125 2579 1171 2613 et
1191 2570 1415 2625 gloriosus,
1438 2577 1483 2611 et
1508 2568 1860 2623 superexaltatus
1886 2568 1930 2608 in

1126 2629 1279 2671 secula.

1129 2717 1354 2762 Canticum
1374 2715 1590 2757 zaclzarz'oe
1601 2713 1812 2769 prophete.
1866 2713 1935 2754 Et

1182 2776 1348 2817 dicitur
1365 2773 1564 2828 qnotidie.
1626 2772 1709 2813 Ad
1725 2770 1882 2812 laudes.

1199 2851 1442 2895 Enedi&us
1457 2850 1932 2894 dominusdeusisrael:

1239 2912 1344 2966 quia
1387 2911 1589 2959 vifitauit,
1632 2916 1677 2950 et
1718 2908 1820 2950 fecit
1867 2922 1933 2950 re-

1128 2971 1431 3024 demptionem
1456 2968 1596 3022 plebis
1619 2967 1714 3008 suae.

1442 3044 1455 3065 ³
1473 3047 1629 3081 domino
1652 3057 1659 3079 ε
1680 3046 1717 3079 Ρ.
1736 3045 1779 3079 Α.
