2066 3392
242 181 322 223 126

239 274 472 318 Clemente
513 276 823 331 pontificatum
861 277 1046 332 suscepit

240 333 414 376 inuitus.
468 335 556 390 Qui
579 349 679 376 cum
702 335 822 385 nihil,
841 337 960 390 quod
984 337 1040 377 ad

239 391 461 434 ecclefiam
504 394 574 434 dei
617 395 867 448 augendam
911 395 1043 447 perti-

241 463 346 491 nere
368 451 664 500 arbitraretur,
686 452 1043 505 praetermifisset:

239 509 398 550 creatis
441 508 506 563 (vt
554 515 824 563 praeceperat
869 509 1039 562 Petrus)

240 580 348 607 xxv.
405 567 685 620 presbyteris,
739 581 791 608 ac
865 567 1043 608 ecclefia

239 624 407 677 optime
424 625 670 674 constituta,
688 626 949 666 Domitiano
964 626 1042 666 irn-

239 688 442 735 peratore
474 683 686 736 martyrio
721 689 968 732 coronatur,
998 690 1042 724 et

239 740 282 779 in
333 741 555 781 Vaticano
604 741 808 794 sepelitur
860 739 927 793 .vj.
971 755 1042 782 ca-

238 797 391 838 lendas
423 798 544 851 Maij‚
568 812 667 839 cum
701 798 870 840 sedisset
901 812 1042 840 annos

236 855 323 909 .xij.
348 856 539 897 mensem
562 856 599 910 .j.
621 857 715 898 dies
736 857 810 911 ,xj.

247 975 604 1057 MArcellinus
646 975 850 1029 pontifex
898 976 1041 1030 patria

383 1034 614 1075 Romanus
656 1035 699 1074 in
741 1034 1041 1087 persecutione

238 1091 504 1133 Diocletiani
555 1098 599 1133 et
649 1092 914 1133 Maximiani
968 1092 1041 1133 sae-

237 1149 403 1190 uiffima
434 1150 565 1191 minis
598 1150 853 1204 perterritus
896 1150 1040 1191 simul-

235 1207 367 1248 achra
389 1209 573 1249 deorum
596 1208 811 1255 adorauit,
838 1208 927 1250 Sed
950 1222 1039 1249 non

237 1265 378 1307 multo
425 1266 521 1319 post
572 1280 735 1319 magna
776 1267 1040 1320 poenitentia

234 1321 406 1373 ductus,
427 1323 672 1365 smuessam¹
690 1325 782 1375 (vbi
805 1324 1039 1365 concilium

235 1381 403 1423 clxxx.
467 1382 770 1436 episcoporum
836 1380 1038 1423 coactum

236 1440 360 1492 erat‚)
375 1440 598 1493 squalidus
621 1447 664 1481 et
695 1440 836 1482 cilicio
859 1440 1039 1481 indutus

237 1498 462 1551 peruenit:
493 1512 627 1551 seque
649 1498 705 1538 ab
734 1498 795 1539 eis
827 1498 938 1552 petit
961 1512 1040 1551 pro

236 1555 526 1596 inconstantia
555 1562 598 1597 et
630 1555 786 1597 scelere
812 1556 1039 1596 commisso

235 1613 380 1666 poenis
404 1614 570 1654 meritis
593 1614 748 1667 puniri.
813 1614 1037 1656 Caeterum

237 1670 262 1712 a
294 1672 471 1712 nemine
499 1672 737 1712 damnatus
767 1671 838 1721 est,
870 1669 1038 1712 cunffis

235 1728 583 1770 acclamantibus
618 1731 773 1770 eadem
807 1729 941 1770 animi
974 1730 1038 1769 in-

236 1786 444 1828 firmitate
478 1787 655 1828 Petrum
692 1787 928 1840 deliquisse,
962 1788 1037 1841 qui

234 1845 409 1885 veniam
428 1843 453 1886 a
470 1846 555 1886 deo
573 1845 780 1886 similibus
799 1845 1037 1898 lachrymis

235 1902 376 1943 fuisset
402 1903 626 1944 assecutus.
689 1903 816 1944 Tunc
844 1904 1035 1944 Romam

235 1960 427 2001 reuersus
471 1961 798 2001 Diocletianum
848 1962 953 2011 adit,
994 1968 1038 2002 et

234 2020 353 2072 quod
387 2018 427 2059 se
459 2018 742 2059 scelestisfime
773 2020 829 2060 ad
861 2025 1036 2060 tantum

235 2076 356 2117 nefas
408 2076 644 2130 impulisset
695 2077 904 2130 increpat,
945 2077 1038 2117 eius

235 2135 452 2175 damnans
508 2135 795 2188 impietatem.
864 2134 1038 2188 Quibus

235 2192 306 2233 ille
329 2193 474 2241 iratus,
498 2192 620 2233 iubet
642 2192 782 2246 ipsum
813 2206 912 2233 cum
941 2193 1037 2246 alijs

236 2250 391 2292 Christi
414 2250 616 2291 fidelibus
639 2250 828 2291 abstrahi
861 2251 916 2291 ad
940 2251 1037 2304 sup-

234 2308 412 2361 plicium
437 2308 501 2360 .vj.
525 2308 734 2349 calendas
753 2308 873 2362 Maij.
917 2308 1038 2362 Quo-

234 2380 331 2406 rum
368 2366 606 2407 occisorum
641 2380 826 2419 corpora
862 2366 1037 2419 ‚xxxvj.

235 2424 329 2464 dies
359 2424 464 2464 iussu
498 2424 688 2464 eiusdem
723 2425 948 2465 iacuerunt
974 2425 1038 2465 in-

234 2481 413 2534 sepulta,
443 2482 585 2522 donec
618 2481 853 2523 Marcellus
885 2482 1039 2523 admo-

234 2540 351 2580 nitus
381 2540 423 2580 in
458 2539 636 2592 somnijs
670 2538 695 2580 a
726 2539 859 2580 beato
892 2541 1034 2589 Petro,

235 2598 389 2637 eadem
439 2597 640 2638 condidit
689 2598 730 2637 in
782 2598 1037 2638 coemeterio

234 2654 446 2695 Priscillae.
510 2654 636 2696 Sedit
665 2661 814 2695 autem
851 2654 1036 2696 Marcel·

232 2712 347 2752 linus
378 2726 517 2752 annos
558 2713 626 2752 .ix.
659 2713 826 2753 menses
859 2713 909 2766 ij.
943 2714 1037 2754 dies

232 2783 331 2823 ‚va.

300 2955 311 2977 1
339 2956 527 2990 finuelsam
550 2968 556 2991 :
576 2958 618 2991 A.

995 201 1164 235 MAIUS.

1430 280 1597 323 Maius.

1171 373 1215 419 (I
1249 370 1417 425 Festum
1428 371 1683 424 sancfz'orum
1703 371 1743 412 A
1742 370 1916 426 postolo-

1113 442 1211 470 rum
1263 428 1460 485 Philippi
1494 436 1536 471 et
1572 429 1718 471 Iacobz‘
1765 428 1918 483 duplex

1113 486 1268 528 maius.
1335 486 1498 530 Oratio,

1120 571 1310 654 DEus,
1334 573 1409 626 qui
1433 586 1513 614 nos
1535 586 1682 613 annua
1698 571 1915 626 apostolo-

1254 644 1348 670 rum
1402 637 1575 671 tuorum
1628 630 1819 684 Philippi
1870 636 1915 672 et

1114 687 1265 728 Iacobi
1289 687 1549 729 solennitate
1571 687 1782 738 laetificas,
1802 701 1914 742 prae-

1112 744 1175 785 sta
1206 746 1466 799 quaesumus,
1497 752 1545 787 vt
1585 758 1775 800 quorum
1806 759 1914 801 gau-

1111 803 1268 844 demus
1301 804 1465 845 meritis
1499 819 1506 844 :
1542 804 1806 845 instruamur
1835 817 1914 845 ex—

1111 860 1268 915 emplis
1293 875 1302 903 :
1327 862 1408 903 Per
1428 868 1507 903 etc.

1380 959 1525 1000 Lemo
1546 957 1642 1013 .jzjss.

1119 1031 1346 1114 IAcobus
1362 1033 1602 1088 Apostolus
1617 1038 1913 1088 cognomento

1193 1091 1327 1132 iustus
1364 1091 1497 1133 frater
1531 1092 1699 1133 domini
1730 1097 1912 1133 vocatus

1111 1147 1275 1190 Mariae'
1319 1149 1530 1204 Cleophae
1575 1149 1702 1198 filius,
1737 1147 1911 1191 sanctus

1111 1206 1192 1247 fuit
1227 1207 1283 1248 ab
1317 1209 1496 1249 ineunte
1530 1214 1676 1256 aetate,
1713 1205 1830 1248 victu
1866 1213 1911 1248 et

1109 1264 1230 1306 cultu
1263 1265 1581 1319 frugalissimus.
1643 1264 1731 1319 Qui
1763 1264 1909 1306 statim

1109 1322 1204 1376 post
1253 1323 1411 1365 Christi
1453 1323 1743 1366 ascensionem
1789 1323 1910 1364 Iero-

1110 1380 1378 1434 solymorum
1408 1381 1637 1436 episcopus
1660 1382 1716 1422 ab
1739 1380 1911 1435 aposto-

1110 1438 1162 1478 lis
1215 1439 1487 1489 constitutus,
1534 1453 1633 1481 eam
1684 1439 1908 1480 ecclefiam

1108 1498 1234 1537 annis
1256 1498 1437 1551 triginta
1459 1497 1628 1538 summa
1655 1510 1755 1538 cum
1779 1496 1909 1538 laude
1949 1511 1951 1513 ·

1110 1555 1236 1596 rexit.
1287 1555 1489 1609 Rogatus
1512 1561 1661 1596 autem
1683 1569 1710 1596 a
1734 1554 1910 1604 Iudaeis,

1107 1619 1155 1653 vt
1177 1613 1220 1653 in
1250 1613 1322 1653 die
1350 1613 1532 1667 paschae,
1554 1626 1691 1666 quum
1717 1612 1908 1666 plurima

1107 1671 1239 1711 turba
1264 1672 1499 1712 conuenire
1528 1671 1707 1719 solebat,
1729 1684 1788 1711 ex
1811 1670 1909 1711 loco

1106 1727 1277 1769 sublimi
1300 1729 1356 1769 ad
1380 1728 1594 1783 populum
1625 1729 1907 1770 concionare-

1107 1792 1188 1835 tur,
1222 1793 1267 1827 et
1299 1785 1325 1827 a
1358 1787 1479 1827 cultu
1516 1786 1622 1835 Iesu,
1660 1799 1792 1840 quem
1830 1800 1909 1840 per

1107 1857 1297 1885 errorem
1330 1844 1458 1885 multi
1490 1844 1784 1898 sequerentur,
1811 1858 1908 1885 ora-

1106 1902 1227 1943 tione
1241 1908 1285 1942 et
1302 1900 1564 1943 au&oritate
1582 1902 1655 1943 sua
1671 1901 1907 1956 populares

1106 1966 1335 2008 auerteret,
1379 1961 1560 2014 pinnam
1608 1960 1763 2013 templi
1804 1974 1907 2001 con-

1106 2017 1283 2059 scendit.
1344 2019 1433 2060 Vbi
1464 2032 1628 2072 magna
1652 2018 1905 2059 Iudaeorum

1105 2075 1427 2129 gentiliumque
1488 2076 1658 2117 astante
1708 2075 1906 2117 multitu-

1106 2134 1220 2182 dine,
1243 2133 1268 2175 ἐι
1297 2133 1444 2174 scribis
1473 2140 1517 2175 et
1548 2133 1770 2187 pharisaeis
1798 2134 1905 2188 quid

1106 2191 1181 2245 ipsi
1205 2192 1260 2232 de
1282 2191 1439 2233 christo
1455 2192 1676 2233 videretur
1692 2192 1782 2232 alta
1798 2205 1906 2233 voce

1107 2256 1288 2302 rogatus
1320 2249 1554 2303 respondit,
1589 2249 1708 2303 Quid
1739 2263 1811 2290 me
1842 2250 1907 2290 in-

1108 2308 1341 2361 terrogatis
1356 2308 1411 2349 de
1426 2307 1515 2348 filio
1530 2306 1745 2348 hominis?
1789 2307 1906 2349 Ecce

1107 2365 1196 2418 ipse
1218 2365 1338 2406 sedet
1360 2366 1403 2406 in
1426 2365 1542 2406 coelo
1559 2364 1584 2406 a
1601 2366 1777 2406 dextris
1794 2365 1906 2406 sum-

1108 2436 1193 2463 mae
1230 2424 1413 2464 virtutis.
1478 2424 1537 2464 Et
1569 2423 1662 2476 ipse
1693 2428 1904 2464 venturus

1108 2480 1167 2521 est
1210 2481 1252 2521 in
1295 2481 1484 2521 nubibus
1516 2481 1627 2522 coeli.
1690 2480 1791 2535 Quo
1822 2480 1904 2522 ser-

1109 2552 1240 2579 mone
1269 2539 1423 2580 audito
1452 2538 1600 2579 scribae
1631 2544 1675 2579 et
1706 2537 1904 2592 pharisaei

1106 2596 1398 2645 conclamant,
1438 2596 1563 2645 Proh,
1599 2596 1733 2637 iustus
1769 2597 1903 2638 etiam

1107 2655 1279 2695 errauit.
1385 2654 1790 2707 Ascenderuntque,
1860 2660 1904 2695 et

1107 2710 1458 2765 praecipitamnt⁸
1478 2726 1592 2760 eum,
1619 2719 1662 2752 et
1684 2711 1904 2765 lapidibus

1106 2770 1290 2810 obruere
1340 2776 1581 2823 coeperunt.
1671 2769 1752 2809 Ille
1802 2783 1905 2810 vero

1176 2955 1191 2978 ²
1215 2956 1277 2991 die
1298 2966 1325 2991 1.
1347 2956 1389 2990 in
1407 2967 1453 2990 m.

1176 3002 1191 3025 ³
1215 3002 1544 3048 praecipitauerunt
1565 3013 1573 3037 ι
1594 3002 1632 3036 Ρ.
1651 3003 1696 3037 A.
