2066 3392
524 207 769 240 OFFICIVM
795 206 985 239 BEATAE
1016 206 1202 239 MARJAE
1241 209 1470 242 VlRGlNlS.
1750 202 1829 252 189

154 283 360 325 mertium
398 285 568 326 mundo
605 284 804 338 praebuit.
868 283 956 324 De-

153 341 284 395 nique
313 348 486 384 tantum
514 342 555 383 se
575 343 632 384 ad
659 342 760 383 coeli
790 340 959 394 fastigia

155 397 411 448 subleuauit,
447 407 495 441 vt
532 400 716 441 verbum
758 400 801 440 in
839 399 956 453 prin-

153 457 270 511 cipio
292 459 408 511 apud
427 458 561 499 deum
578 458 634 499 de
653 457 839 511 superna
856 456 956 498 coeli

153 527 253 556 arce
285 514 525 570 susciperet.
590 515 631 558 O
662 515 769 556 felix
803 515 959 562 Maria,

155 578 200 613 et
250 573 371 614 omni
418 573 549 614 laude
594 573 853 627 digniffima.
915 572 956 614 O

154 631 279 685 virgo
314 632 385 672 dei
419 631 612 685 genitrix
651 630 850 685 gloriosa.
914 630 955 672 O

154 687 349 730 sublimis
384 703 600 743 puerpera
632 689 755 731 cuius
788 688 956 730 visceri-

154 746 236 787 bus
267 745 423 788 au6tor
449 746 562 797 coeli,
589 753 806 801 terraeque
837 760 956 788 com-

155 805 355 847 mittitur.

79 913 84 918 ·
153 903 199 950 {I
244 901 286 942 A
332 902 492 956 pascha
543 902 669 956 vsque
716 901 779 943 ad
813 907 957 955 pente-

207 959 336 1014 costen
371 960 489 1002 ledia
524 959 652 1002 tertia
687 973 738 1000 ex
760 959 957 1012 sermone

199 1017 351 1071 sandi
367 1018 596 1060 Bernardz'.

159 1092 390 1178 SIgnum
424 1107 635 1148 magnum
668 1094 873 1147 apparuit
911 1093 954 1133 in

255 1151 395 1194 coelo:
418 1152 576 1193 mulier
595 1149 759 1193 amifita
781 1150 867 1192 sole
886 1166 894 1191 ι
910 1156 955 1192 et

155 1208 259 1251 luna
285 1209 362 1252 sub
390 1210 577 1264 pedibus
599 1210 692 1250 eius
716 1224 724 1250 :
745 1214 788 1250 et
818 1210 859 1250 in
884 1223 954 1250 ca-

153 1267 246 1322 pite
277 1268 370 1310 eius
401 1281 564 1309 corona
595 1267 815 1309 stellarum
844 1267 954 1308 duo-

153 1325 308 1368 decim.
356 1325 658 1368 Vehementer
672 1325 852 1379 quidem
877 1338 955 1365 no-

153 1383 222 1425 bis
242 1382 502 1425 dilthissimi
519 1385 585 1425 vir
599 1397 711 1424 vnus
733 1390 777 1424 et
799 1383 956 1424 mulier

153 1455 240 1484 vna
276 1455 466 1484 nocuere
503 1457 512 1483 :
549 1441 621 1482 sed
662 1441 828 1495 gratias
869 1440 954 1482 deo

152 1514 231 1555 per
250 1514 386 1542 vnum
409 1499 693 1541 nihilominus
714 1499 854 1540 virum
881 1514 889 1540 :
912 1504 957 1540 et

154 1558 381 1600 mulierem
423 1571 558 1599 vnam
599 1557 750 1598 omnia
796 1556 955 1598 restau-

153 1614 322 1658 rentur¹
344 1632 353 1658 :
375 1629 455 1658 nec
483 1615 570 1657 slne
593 1628 756 1670 magno
787 1613 955 1656 foenore

152 1675 408 1730 gratiarum.
489 1674 648 1728 Neque
689 1673 807 1714 enim
851 1673 955 1714 sicut

152 1731 398 1782 dileEtum',
437 1732 499 1773 ita
539 1738 584 1774 et
623 1731 793 1773 donum
833 1746 842 1772 :
884 1730 954 1772 sed

152 1791 333 1833 excedit
398 1790 551 1832 damni
617 1789 954 1831 aestimationem

153 1848 353 1902 beneficij
388 1848 661 1902 magnitudo.
724 1847 799 1889 Sic
827 1847 954 1887 nimi-

153 1921 250 1949 rum
272 1906 627 1961 prudentisfimus
644 1911 688 1946 et
709 1904 955 1946 clementis-

154 1965 284 2007 fimus
316 1964 479 2007 artifex
511 1979 519 2005 :
550 1964 669 2018 quod
707 1962 954 2016 quassatum

155 2023 298 2065 fuerat
325 2036 413 2064 non
436 2021 652 2075 confregit
675 2036 684 2062 :
708 2020 779 2062 sed
805 2020 954 2062 vtilius

154 2081 337 2123 omnino
351 2079 501 2122 refecit
521 2095 528 2120 :
543 2085 590 2120 vt
604 2078 809 2120 videlicet
827 2078 953 2119 nobis

154 2153 321 2181 nouum
350 2138 559 2180 formaret
580 2135 733 2177 Adam
755 2149 814 2177 ex
835 2142 954 2177 vete-

153 2198 186 2239 ri
224 2213 233 2239 :
272 2203 317 2238 et
359 2196 504 2237 Euam
545 2193 868 2236 transfunderet
909 2194 952 2234 in

155 2255 354 2297 Mariam.
434 2254 492 2294 Et
533 2253 713 2306 quidem
763 2251 954 2292 sufficere

152 2318 327 2368 poterat
369 2310 576 2360 Christus,
617 2309 644 2350 fi
685 2310 866 2363 quidem
908 2316 952 2350 et

153 2384 269 2413 nunc
315 2370 460 2411 omnis
508 2366 764 2409 sufficientia
809 2366 953 2408 nostra

153 2443 212 2471 ex
233 2442 287 2470 eo
309 2427 369 2469 est
392 2442 401 2468 :
422 2426 495 2468 sed
524 2426 652 2467 nobis
674 2425 839 2466 bonum
863 2438 950 2465 non

152 2493 246 2530 erat
270 2485 354 2528 esse
375 2484 601 2526 hominem
625 2483 773 2524 solum.
835 2482 952 2524 Con-

151 2557 310 2600 gruum
343 2543 497 2596 magis,
524 2548 571 2583 vt
601 2541 765 2582 adesset
798 2539 952 2582 nostrae

153 2601 418 2657 reparationi
448 2599 576 2641 sexus
604 2605 785 2652 vterque
808 2613 816 2639 :
844 2611 952 2652 quo-

152 2674 249 2703 rum
271 2658 541 2713 corruptioni
564 2663 718 2698 neuter
738 2656 948 2698 defuisset.

154 2718 319 2760 Fidelis
341 2716 473 2772 plane
488 2721 533 2757 et
555 2721 713 2770 potens
736 2714 954 2755 mediator

152 2776 223 2819 dei
245 2781 290 2818 et
315 2774 545 2817 hominum
570 2788 578 2814 ε
598 2772 734 2814 homo
757 2771 952 2815 Christus

224 2883 235 2906 ¹
262 2884 532 2919 restaurantur:
554 2881 597 2915 R.
616 2881 653 2915 P.
674 2880 717 2915 A.

222 2930 236 2953 ²
261 2929 438 2966 deliftum
460 2942 467 2965 z
488 2929 530 2963 R.
554 2929 590 2962 P.
612 2928 653 2963 A.

225 2979 239 3000 ³
263 2978 313 3013 est
334 2989 340 3012 :
358 2988 427 3011 om.
451 2977 489 3010 P.
509 2976 551 3010 A.
682 2979 686 2983 '

224 3024 237 3047 ⁴
261 3036 349 3071 per:
368 3035 435 3058 om.
456 3023 498 3058 A.

1030 283 1148 324 Iesus
1180 300 1187 325 :
1220 285 1290 327 sed
1319 286 1517 327 diuinam
1550 287 1592 328 in
1626 302 1679 330 eo
1708 303 1829 331 reue-

1029 347 1178 383 rentur
1198 342 1400 384 homines
1423 344 1707 388 maiestatem.

1086 399 1213 454 Opus
1241 399 1322 442 est⁸
1349 402 1466 443 enim
1500 403 1743 446 mediatore
1770 406 1826 447 ad

1028 458 1318 500 mediatorem
1368 459 1494 501 istum
1541 474 1550 501 ε
1593 474 1673 502 nec
1717 462 1829 504 alter

1027 515 1154 556 nobis
1174 516 1321 558 vtilior
1341 531 1476 571 quam
1505 519 1657 560 Maria.
1720 520 1828 562 Cru-

1027 572 1138 614 delis
1175 574 1381 616 nimirum
1426 575 1523 617 Eua
1562 575 1658 630 per⁴
1692 591 1826 632 quam

1026 629 1200 685 serpens
1215 632 1422 686 antiquus
1434 633 1683 687 pestiferum
1693 636 1826 677 etiam

1026 688 1101 743 ipsi
1123 690 1216 731 viro
1237 691 1354 732 virus
1377 691 1538 733 infudit
1557 707 1565 733 ε
1591 692 1662 734 sed
1684 692 1826 735 fidelis

1028 747 1170 788 Maria
1198 762 1297 802 quae
1328 748 1475 790 salutis
1503 750 1755 792 antidotum
1782 758 1827 793 et

1026 805 1129 846 viris
1170 813 1214 847 et
1263 807 1518 849 mulieribus
1561 809 1826 862 propinauit.

1028 862 1110 904 Illa
1141 864 1259 905 enim
1294 865 1487 907 ministra
1521 863 1786 908 sedufflonis
1818 883 1826 909 :

1024 920 1119 962 haec
1137 922 1472 976 propitiationis.
1527 924 1609 965 Illa
1626 924 1826 979 suggessit

1024 981 1432 1032 praeuaricationem
1474 995 1483 1023 :
1521 981 1616 1023 haec
1658 983 1827 1025 iniecit⁶

1025 1038 1388 1092 redemptionem.

1023 1131 1068 1176 (I
1098 1129 1139 1170 Α
1168 1131 1390 1186 pentecoste
1418 1132 1545 1186 vsque
1572 1133 1636 1174 ad
1662 1134 1825 1175 natiui-

1067 1194 1210 1298 ⁸§.atem
1227 1189 1285 1229 M
1284 1190 1394 1231 arioe
1411 1191 1603 1244 virginis
1622 1205 1674 1232 ex
1685 1192 1824 1234 eodem

1096 1260 1271 1288 ermone.

1022 1318 1389 1404 AMpleEtamur
1440 1323 1593 1364 Mariae
1644 1323 1825 1379 vestigia

1136 1378 1291 1420 fratres
1325 1380 1411 1421 mei
1439 1396 1446 1421 :
1474 1387 1519 1422 et
1550 1382 1824 1423 deuotissima

1022 1437 1339 1492 supplicatione
1353 1438 1493 1480 beatis
1508 1438 1622 1480 illius
1637 1439 1824 1494 pedibus

1023 1495 1348 1549 prouoluamur.
1409 1496 1661 1538 Teneamus
1689 1511 1788 1539 eam
1816 1515 1824 1539 :

1023 1566 1103 1594 nec
1130 1553 1409 1595 dimittamus
1438 1555 1580 1596 donec
1612 1555 1825 1598 benedix-

1023 1612 1104 1652 erit
1156 1612 1295 1653 nobis.
1378 1613 1540 1654 Potens
1585 1613 1646 1654 est
1693 1615 1822 1655 enim.

1025 1670 1200 1723 Nempe
1227 1669 1365 1711 vellus
1394 1670 1454 1712 est
1487 1671 1682 1713 medium
1712 1672 1827 1713 inter

1024 1741 1166 1769 rorem
1202 1734 1247 1769 et
1283 1741 1431 1770 aream
1471 1745 1479 1770 :
1520 1729 1678 1770 mulier
1712 1730 1826 1771 inter

1023 1785 1158 1827 solem
1199 1794 1245 1827 et
1287 1786 1438 1828 lunam
1477 1802 1485 1827 :
1528 1787 1672 1829 Maria
1714 1788 1826 1829 inter

1023 1843 1244 1886 Christum
1266 1850 1311 1886 et
1333 1844 1555 1886 ecclesiam
1578 1844 1825 1894 constituta,

1024 1901 1114 1944 Sed
1137 1901 1249 1943 forte
1271 1903 1440 1943 miraris
1462 1916 1551 1944 non
1573 1909 1665 1944 tam
1687 1903 1824 1945 vellus

1022 1966 1225 2013 opertum
1263 1974 1359 2001 rore
1398 1973 1407 2002 :
1443 1974 1577 2015 quam
1615 1959 1823 2003 amiEtam

1023 2017 1110 2058 sole
1132 2017 1372 2059 mulierem.
1426 2019 1593 2072 Magna
1613 2018 1823 2073 siquidem

1023 2075 1299 2117 familiaritas
1336 2091 1344 2117 :
1382 2076 1452 2117 sed
1496 2076 1606 2117 mira
1642 2077 1824 2118 omnino

1024 2133 1226 2174 vicinitas
1248 2133 1347 2174 solis
1369 2140 1413 2175 et
1435 2133 1640 2176 mulieris
1700 2133 1824 2188 Quo-

1023 2191 1158 2232 modo
1175 2192 1291 2232 enim
1308 2192 1350 2232 in
1368 2197 1460 2233 tam
1475 2191 1725 2233 vehementi
1743 2192 1825 2234 fer-

1022 2262 1144 2290 uore:
1158 2255 1249 2291 tam
1266 2249 1430 2303 fragilis
1445 2255 1601 2290 natura
1616 2249 1824 2292 subsistit?

1023 2307 1185 2348 Merito
1202 2308 1383 2361 quidem
1400 2307 1629 2348 admiraris
1648 2307 1824 2361 Moyses

1022 2362 1180 2416 sancte,
1197 2372 1242 2407 et
1263 2364 1488 2406 curioslus⁶
1504 2364 1738 2419 desyderas
1762 2366 1824 2407 in-

1022 2423 1144 2464 tueri.
1191 2423 1495 2465 Veruntamen
1519 2422 1635 2464 solue
1656 2423 1823 2465 calcea-

1023 2487 1174 2522 menta
1201 2481 1257 2523 de
1285 2480 1472 2536 pedibus
1501 2481 1600 2530 tuis,
1627 2488 1671 2523 et
1701 2481 1823 2523 inuo-

1024 2539 1142 2580 lucra
1174 2552 1289 2594 pone
1318 2539 1558 2581 carnalium
1591 2539 1824 2592 cogitatio-

1023 2610 1141 2646 num,
1196 2597 1224 2638 s1
1280 2597 1490 2638 accedere
1544 2597 1823 2651 concupiscis,

1023 2654 1153 2696 Vado
1170 2655 1352 2710 (inquit)
1370 2661 1414 2696 et
1436 2655 1595 2696 videbo
1617 2654 1822 2696 vifionem

1023 2713 1138 2755 hanc
1179 2726 1402 2767 magnam.
1480 2712 1647 2766 Magna
1692 2713 1824 2766 plane

1021 2770 1125 2812 visio
1153 2769 1307 2813 rubus⁷
1327 2771 1486 2812 ardens
1516 2770 1601 2812 fine
1626 2770 1825 2812 combus-

1095 2879 1108 2899 ³
1135 2880 1275 2925 ingessit
1294 2892 1300 2915 :
1322 2881 1358 2915 P.

1097 2923 1111 2944 ⁰
1134 2927 1297 2962 curiosus
1316 2940 1322 2961 :
1348 2928 1384 2962 P.

1097 2973 1110 2996 ⁷
1137 2974 1300 3009 rubens:
1327 2975 1368 3008 A.
