<?xml version="1.0" encoding="UTF-8"?>
<!DOCTYPE html PUBLIC "-//W3C//DTD XHTML 1.0 Transitional//EN"
    "http://www.w3.org/TR/xhtml1/DTD/xhtml1-transitional.dtd">
<html xmlns="http://www.w3.org/1999/xhtml" xml:lang="en" lang="en">
 <head>
  <title>
</title>
<meta http-equiv="Content-Type" content="text/html;charset=utf-8" />
  <meta name='ocr-system' content='tesseract 3.04.00' />
  <meta name='ocr-capabilities' content='ocr_page ocr_carea ocr_par ocr_line ocrx_word'/>
</head>
<body>
  <div class='ocr_page' id='page_1' title='image "./breviariumromanu00quiuoft/breviariumromanu00quiuoft_0185.png"; bbox 0 0 2066 3392; ppageno 0'>
   <div class='ocr_carea' id='block_1_1' title="bbox 8 0 73 591">
    <p class='ocr_par' dir='ltr' id='par_1_1' title="bbox 8 0 73 591">
     <span class='ocr_line' id='line_1_1' title="bbox 8 0 73 591; baseline 0 2801"><span class='ocrx_word' id='word_1_1' title='bbox 8 0 73 591; x_wconf 95' lang='lat' dir='ltr'> </span> 
     </span>
    </p>
   </div>
   <div class='ocr_carea' id='block_1_2' title="bbox 0 924 43 1683">
    <p class='ocr_par' dir='ltr' id='par_1_2' title="bbox 0 924 43 1683">
     <span class='ocr_line' id='line_1_2' title="bbox 0 924 43 1683; baseline 0 1709"><span class='ocrx_word' id='word_1_2' title='bbox 0 924 43 1683; x_wconf 95' lang='lat' dir='ltr'> </span> 
     </span>
    </p>
   </div>
   <div class='ocr_carea' id='block_1_3' title="bbox 889 196 1832 241">
    <p class='ocr_par' dir='ltr' id='par_1_3' title="bbox 889 196 1832 241">
     <span class='ocr_line' id='line_1_3' title="bbox 889 196 1832 241; baseline -0.002 -9"><span class='ocrx_word' id='word_1_3' title='bbox 889 200 1103 233; x_wconf 74' lang='lat' dir='ltr'><em>APRJLJS.</em></span> <span class='ocrx_word' id='word_1_4' title='bbox 1758 196 1832 241; x_wconf 83' lang='lat'>125</span> 
     </span>
    </p>
   </div>
   <div class='ocr_carea' id='block_1_4' title="bbox 153 277 960 1250">
    <p class='ocr_par' dir='ltr' id='par_1_4' title="bbox 153 277 960 1250">
     <span class='ocr_line' id='line_1_4' title="bbox 155 277 960 335; baseline -0.007 -11"><span class='ocrx_word' id='word_1_5' title='bbox 155 280 425 324; x_wconf 87' lang='lat' dir='ltr'>delatoribus</span> <span class='ocrx_word' id='word_1_6' title='bbox 480 278 712 335; x_wconf 79' lang='lat' dir='ltr'>proposita.</span> <span class='ocrx_word' id='word_1_7' title='bbox 793 277 847 319; x_wconf 93' lang='lat' dir='ltr'>In</span> <span class='ocrx_word' id='word_1_8' title='bbox 907 290 960 319; x_wconf 90' lang='lat' dir='ltr'>ea</span> 
     </span>
     <span class='ocr_line' id='line_1_5' title="bbox 154 334 958 394; baseline -0.006 -13"><span class='ocrx_word' id='word_1_9' title='bbox 154 339 288 394; x_wconf 85' lang='lat' dir='ltr'>igitur</span> <span class='ocrx_word' id='word_1_10' title='bbox 336 337 669 380; x_wconf 91' lang='lat' dir='ltr'>christianorum</span> <span class='ocrx_word' id='word_1_11' title='bbox 711 334 958 390; x_wconf 88' lang='lat' dir='ltr'>tranquilli-</span> 
     </span>
     <span class='ocr_line' id='line_1_6' title="bbox 156 393 957 450; baseline -0.006 -11"><span class='ocrx_word' id='word_1_12' title='bbox 156 403 250 440; x_wconf 86' lang='lat' dir='ltr'><strong>tate</strong></span> <span class='ocrx_word' id='word_1_13' title='bbox 269 395 538 450; x_wconf 88' lang='lat' dir='ltr'>Apollonius</span> <span class='ocrx_word' id='word_1_14' title='bbox 562 394 589 436; x_wconf 79' lang='lat' dir='ltr'>a</span> <span class='ocrx_word' id='word_1_15' title='bbox 605 395 727 436; x_wconf 91' lang='lat' dir='ltr'>seruo</span> <span class='ocrx_word' id='word_1_16' title='bbox 743 393 957 448; x_wconf 88' lang='lat' dir='ltr'>proditus,</span> 
     </span>
     <span class='ocr_line' id='line_1_7' title="bbox 155 452 959 509; baseline -0.006 -12"><span class='ocrx_word' id='word_1_17' title='bbox 155 461 200 497; x_wconf 90' lang='lat' dir='ltr'>et</span> <span class='ocrx_word' id='word_1_18' title='bbox 220 455 339 509; x_wconf 91' lang='lat' dir='ltr'>apud</span> <span class='ocrx_word' id='word_1_19' title='bbox 370 453 633 496; x_wconf 86' lang='lat' dir='ltr'>Perennium</span> <span class='ocrx_word' id='word_1_20' title='bbox 666 452 855 493; x_wconf 89' lang='lat' dir='ltr'>iudicem</span> <span class='ocrx_word' id='word_1_21' title='bbox 888 465 959 492; x_wconf 90' lang='lat' dir='ltr'>ac-</span> 
     </span>
     <span class='ocr_line' id='line_1_8' title="bbox 155 509 957 562; baseline -0.005 -8"><span class='ocrx_word' id='word_1_22' title='bbox 155 513 342 562; x_wconf 81' lang='lat' dir='ltr'>cusatuS,</span> <span class='ocrx_word' id='word_1_23' title='bbox 369 511 471 554; x_wconf 89' lang='lat' dir='ltr'>fidei</span> <span class='ocrx_word' id='word_1_24' title='bbox 497 511 582 553; x_wconf 88' lang='lat' dir='ltr'>suae</span> <span class='ocrx_word' id='word_1_25' title='bbox 615 511 832 552; x_wconf 90' lang='lat' dir='ltr'>rationem</span> <span class='ocrx_word' id='word_1_26' title='bbox 862 509 957 551; x_wconf 89' lang='lat' dir='ltr'>red-</span> 
     </span>
     <span class='ocr_line' id='line_1_9' title="bbox 157 567 958 623; baseline -0.006 -10"><span class='ocrx_word' id='word_1_27' title='bbox 157 571 259 613; x_wconf 89' lang='lat' dir='ltr'><strong>dere</strong></span> <span class='ocrx_word' id='word_1_28' title='bbox 300 570 474 612; x_wconf 89' lang='lat' dir='ltr'>iubetur</span> <span class='ocrx_word' id='word_1_29' title='bbox 510 569 683 623; x_wconf 89' lang='lat' dir='ltr'>sumpta</span> <span class='ocrx_word' id='word_1_30' title='bbox 724 581 859 622; x_wconf 89' lang='lat' dir='ltr'>poena</span> <span class='ocrx_word' id='word_1_31' title='bbox 899 567 958 608; x_wconf 92' lang='lat' dir='ltr'>le-</span> 
     </span>
     <span class='ocr_line' id='line_1_10' title="bbox 154 625 957 683; baseline -0.005 -12"><span class='ocrx_word' id='word_1_32' title='bbox 154 629 312 683; x_wconf 88' lang='lat' dir='ltr'>gitima</span> <span class='ocrx_word' id='word_1_33' title='bbox 342 628 398 670; x_wconf 92' lang='lat' dir='ltr'>de</span> <span class='ocrx_word' id='word_1_34' title='bbox 420 627 543 669; x_wconf 92' lang='lat' dir='ltr'>seruo</span> <span class='ocrx_word' id='word_1_35' title='bbox 571 626 782 668; x_wconf 91' lang='lat' dir='ltr'>delatore.</span> <span class='ocrx_word' id='word_1_36' title='bbox 843 625 957 668; x_wconf 89' lang='lat' dir='ltr'>Cum</span> 
     </span>
     <span class='ocr_line' id='line_1_11' title="bbox 155 683 958 741; baseline -0.005 -13"><span class='ocrx_word' id='word_1_37' title='bbox 155 700 260 741; x_wconf 89' lang='lat' dir='ltr'>ergo</span> <span class='ocrx_word' id='word_1_38' title='bbox 291 686 456 741; x_wconf 86' lang='lat' dir='ltr'>infigne</span> <span class='ocrx_word' id='word_1_39' title='bbox 489 684 696 727; x_wconf 90' lang='lat' dir='ltr'>volumen</span> <span class='ocrx_word' id='word_1_40' title='bbox 731 684 775 725; x_wconf 90' lang='lat' dir='ltr'>in</span> <span class='ocrx_word' id='word_1_41' title='bbox 806 683 958 725; x_wconf 89' lang='lat' dir='ltr'>defen-</span> 
     </span>
     <span class='ocr_line' id='line_1_12' title="bbox 155 740 957 786; baseline -0.005 0"><span class='ocrx_word' id='word_1_42' title='bbox 155 744 317 786; x_wconf 87' lang='lat' dir='ltr'>fionem</span> <span class='ocrx_word' id='word_1_43' title='bbox 378 743 623 785; x_wconf 82' lang='lat' dir='ltr'>christianae</span> <span class='ocrx_word' id='word_1_44' title='bbox 683 741 785 783; x_wconf 85' lang='lat' dir='ltr'>fidei</span> <span class='ocrx_word' id='word_1_45' title='bbox 841 740 867 783; x_wconf 76' lang='lat' dir='ltr'>a</span> <span class='ocrx_word' id='word_1_46' title='bbox 916 740 957 782; x_wconf 92' lang='lat' dir='ltr'>se</span> 
     </span>
     <span class='ocr_line' id='line_1_13' title="bbox 155 798 958 857; baseline -0.006 -13"><span class='ocrx_word' id='word_1_47' title='bbox 155 801 445 857; x_wconf 79' lang='lat' dir='ltr'>compositum</span> <span class='ocrx_word' id='word_1_48' title='bbox 463 802 506 843; x_wconf 93' lang='lat' dir='ltr'>in</span> <span class='ocrx_word' id='word_1_49' title='bbox 526 801 675 842; x_wconf 89' lang='lat' dir='ltr'>senatu</span> <span class='ocrx_word' id='word_1_50' title='bbox 699 799 876 854; x_wconf 93' lang='lat' dir='ltr'>publice</span> <span class='ocrx_word' id='word_1_51' title='bbox 898 798 958 840; x_wconf 91' lang='lat' dir='ltr'>le-</span> 
     </span>
     <span class='ocr_line' id='line_1_14' title="bbox 155 858 958 914; baseline -0.006 -12"><span class='ocrx_word' id='word_1_52' title='bbox 155 860 291 914; x_wconf 88' lang='lat' dir='ltr'>gisset,</span> <span class='ocrx_word' id='word_1_53' title='bbox 309 860 482 901; x_wconf 89' lang='lat' dir='ltr'>senatus</span> <span class='ocrx_word' id='word_1_54' title='bbox 504 858 703 900; x_wconf 90' lang='lat' dir='ltr'>consulto</span> <span class='ocrx_word' id='word_1_55' title='bbox 720 859 958 899; x_wconf 91' lang='lat' dir='ltr'>damnatus</span> 
     </span>
     <span class='ocr_line' id='line_1_15' title="bbox 153 915 957 972; baseline -0.005 -12"><span class='ocrx_word' id='word_1_56' title='bbox 153 918 239 960; x_wconf 85' lang='lat' dir='ltr'>est:</span> <span class='ocrx_word' id='word_1_57' title='bbox 259 924 304 960; x_wconf 92' lang='lat' dir='ltr'>et</span> <span class='ocrx_word' id='word_1_58' title='bbox 325 931 405 972; x_wconf 88' lang='lat' dir='ltr'>pro</span> <span class='ocrx_word' id='word_1_59' title='bbox 428 916 585 960; x_wconf 88' lang='lat' dir='ltr'>Christi</span> <span class='ocrx_word' id='word_1_60' title='bbox 608 915 823 958; x_wconf 90' lang='lat' dir='ltr'>constanti</span> <span class='ocrx_word' id='word_1_61' title='bbox 853 928 957 956; x_wconf 92' lang='lat' dir='ltr'>con-</span> 
     </span>
     <span class='ocr_line' id='line_1_16' title="bbox 154 972 956 1029; baseline -0.004 -11"><span class='ocrx_word' id='word_1_62' title='bbox 154 975 329 1018; x_wconf 78' lang='lat' dir='ltr'>sessione</span> <span class='ocrx_word' id='word_1_63' title='bbox 371 975 516 1029; x_wconf 92' lang='lat' dir='ltr'>capite</span> <span class='ocrx_word' id='word_1_64' title='bbox 567 981 795 1016; x_wconf 91' lang='lat' dir='ltr'>truncatus</span> <span class='ocrx_word' id='word_1_65' title='bbox 836 972 956 1026; x_wconf 86' lang='lat' dir='ltr'>.xiiij.</span> 
     </span>
     <span class='ocr_line' id='line_1_17' title="bbox 154 1032 956 1086; baseline -0.005 -10"><span class='ocrx_word' id='word_1_66' title='bbox 154 1033 360 1076; x_wconf 88' lang='lat' dir='ltr'>calendas</span> <span class='ocrx_word' id='word_1_67' title='bbox 384 1033 503 1086; x_wconf 83' lang='lat' dir='ltr'>Maij.</span> <span class='ocrx_word' id='word_1_68' title='bbox 567 1033 667 1074; x_wconf 83' lang='lat' dir='ltr'>Lex</span> <span class='ocrx_word' id='word_1_69' title='bbox 699 1032 818 1073; x_wconf 92' lang='lat' dir='ltr'>enim</span> <span class='ocrx_word' id='word_1_70' title='bbox 851 1037 956 1081; x_wconf 90' lang='lat' dir='ltr'>erat,</span> 
     </span>
     <span class='ocr_line' id='line_1_18' title="bbox 155 1088 957 1143; baseline -0.006 -9"><span class='ocrx_word' id='word_1_71' title='bbox 155 1092 226 1134; x_wconf 91' lang='lat' dir='ltr'>Ne</span> <span class='ocrx_word' id='word_1_72' title='bbox 267 1091 485 1133; x_wconf 88' lang='lat' dir='ltr'>christiani</span> <span class='ocrx_word' id='word_1_73' title='bbox 537 1089 641 1132; x_wconf 71' lang='lat' dir='ltr'>saCti</span> <span class='ocrx_word' id='word_1_74' title='bbox 693 1090 753 1131; x_wconf 92' lang='lat' dir='ltr'>rei</span> <span class='ocrx_word' id='word_1_75' title='bbox 795 1088 957 1143; x_wconf 89' lang='lat' dir='ltr'>absque</span> 
     </span>
     <span class='ocr_line' id='line_1_19' title="bbox 156 1147 958 1204; baseline -0.005 -12"><span class='ocrx_word' id='word_1_76' title='bbox 156 1149 313 1193; x_wconf 89' lang='lat' dir='ltr'>Christi</span> <span class='ocrx_word' id='word_1_77' title='bbox 349 1149 646 1204; x_wconf 81' lang='lat' dir='ltr'>abnegatione</span> <span class='ocrx_word' id='word_1_78' title='bbox 683 1147 958 1190; x_wconf 90' lang='lat' dir='ltr'>dimitteren-</span> 
     </span>
     <span class='ocr_line' id='line_1_20' title="bbox 153 1214 233 1250; baseline 0 0"><span class='ocrx_word' id='word_1_79' title='bbox 153 1214 233 1250; x_wconf 91' lang='lat' dir='ltr'>tur.</span> 
     </span>
    </p>
   </div>
   <div class='ocr_carea' id='block_1_5' title="bbox 152 1300 957 1779">
    <p class='ocr_par' dir='ltr' id='par_1_5' title="bbox 152 1300 957 1779">
     <span class='ocr_line' id='line_1_21' title="bbox 275 1300 836 1355; baseline -0.007 -10"><span class='ocrx_word' id='word_1_80' title='bbox 275 1305 320 1351; x_wconf 70' lang='lat' dir='ltr'>(I</span> <span class='ocrx_word' id='word_1_81' title='bbox 357 1300 492 1346; x_wconf 86' lang='lat' dir='ltr'>Caius</span> <span class='ocrx_word' id='word_1_82' title='bbox 508 1307 627 1355; x_wconf 84' lang='lat' dir='ltr'>papa</span> <span class='ocrx_word' id='word_1_83' title='bbox 654 1307 836 1354; x_wconf 85' lang='lat' dir='ltr'><em>martyr.</em></span> 
     </span>
     <span class='ocr_line' id='line_1_22' title="bbox 424 1356 688 1413; baseline -0.004 -12"><span class='ocrx_word' id='word_1_84' title='bbox 424 1359 571 1401; x_wconf 62' lang='lat' dir='ltr'>Lemo</span> <span class='ocrx_word' id='word_1_85' title='bbox 590 1356 688 1413; x_wconf 60' lang='lat' dir='ltr'>.in7‘¹.</span> 
     </span>
     <span class='ocr_line' id='line_1_23' title="bbox 155 1432 957 1521; baseline -0.006 -43"><span class='ocrx_word' id='word_1_86' title='bbox 155 1435 347 1521; x_wconf 79' lang='lat' dir='ltr'>CAius</span> <span class='ocrx_word' id='word_1_87' title='bbox 383 1449 500 1490; x_wconf 91' lang='lat' dir='ltr'>papa</span> <span class='ocrx_word' id='word_1_88' title='bbox 541 1434 722 1475; x_wconf 91' lang='lat' dir='ltr'>natione</span> <span class='ocrx_word' id='word_1_89' title='bbox 758 1432 957 1474; x_wconf 85' lang='lat' dir='ltr'>dalmata</span> 
     </span>
     <span class='ocr_line' id='line_1_24' title="bbox 260 1491 957 1548; baseline -0.006 -13"><span class='ocrx_word' id='word_1_90' title='bbox 260 1507 400 1548; x_wconf 90' lang='lat' dir='ltr'>genus</span> <span class='ocrx_word' id='word_1_91' title='bbox 429 1492 455 1535; x_wconf 78' lang='lat' dir='ltr'>a</span> <span class='ocrx_word' id='word_1_92' title='bbox 476 1492 742 1535; x_wconf 92' lang='lat' dir='ltr'>diocletiano</span> <span class='ocrx_word' id='word_1_93' title='bbox 769 1491 957 1545; x_wconf 89' lang='lat' dir='ltr'>impera-</span> 
     </span>
     <span class='ocr_line' id='line_1_25' title="bbox 153 1549 956 1599; baseline -0.006 -5"><span class='ocrx_word' id='word_1_94' title='bbox 153 1558 248 1594; x_wconf 89' lang='lat' dir='ltr'>tore</span> <span class='ocrx_word' id='word_1_95' title='bbox 284 1552 460 1593; x_wconf 89' lang='lat' dir='ltr'>ducens.</span> <span class='ocrx_word' id='word_1_96' title='bbox 523 1550 677 1599; x_wconf 92' lang='lat' dir='ltr'>Probo,</span> <span class='ocrx_word' id='word_1_97' title='bbox 710 1563 760 1590; x_wconf 92' lang='lat' dir='ltr'>ac</span> <span class='ocrx_word' id='word_1_98' title='bbox 794 1549 956 1590; x_wconf 91' lang='lat' dir='ltr'>deinde</span> 
     </span>
     <span class='ocr_line' id='line_1_26' title="bbox 154 1607 955 1662; baseline -0.006 -10"><span class='ocrx_word' id='word_1_99' title='bbox 154 1610 277 1659; x_wconf 88' lang='lat' dir='ltr'>Caio,</span> <span class='ocrx_word' id='word_1_100' title='bbox 316 1616 360 1651; x_wconf 91' lang='lat' dir='ltr'>et</span> <span class='ocrx_word' id='word_1_101' title='bbox 412 1608 574 1651; x_wconf 88' lang='lat' dir='ltr'>Carino</span> <span class='ocrx_word' id='word_1_102' title='bbox 615 1607 955 1662; x_wconf 88' lang='lat' dir='ltr'>imperatoribus</span> 
     </span>
     <span class='ocr_line' id='line_1_27' title="bbox 153 1665 956 1722; baseline -0.004 -13"><span class='ocrx_word' id='word_1_103' title='bbox 153 1667 328 1722; x_wconf 88' lang='lat' dir='ltr'>praesuit</span> <span class='ocrx_word' id='word_1_104' title='bbox 375 1666 575 1709; x_wconf 77' lang='lat' dir='ltr'>ecclesiae.</span> <span class='ocrx_word' id='word_1_105' title='bbox 641 1666 728 1707; x_wconf 92' lang='lat' dir='ltr'>Hic</span> <span class='ocrx_word' id='word_1_106' title='bbox 779 1665 956 1706; x_wconf 87' lang='lat' dir='ltr'>ordines</span> 
     </span>
     <span class='ocr_line' id='line_1_28' title="bbox 152 1722 955 1779; baseline -0.005 -12"><span class='ocrx_word' id='word_1_107' title='bbox 152 1725 366 1775; x_wconf 86' lang='lat' dir='ltr'>distinxit,</span> <span class='ocrx_word' id='word_1_108' title='bbox 415 1725 575 1779; x_wconf 91' lang='lat' dir='ltr'>quibus</span> <span class='ocrx_word' id='word_1_109' title='bbox 625 1723 845 1778; x_wconf 87' lang='lat' dir='ltr'>gradatim</span> <span class='ocrx_word' id='word_1_110' title='bbox 898 1722 955 1764; x_wconf 92' lang='lat' dir='ltr'>ad</span> 
     </span>
    </p>
   </div>
   <div class='ocr_carea' id='block_1_6' title="bbox 117 1779 952 1839">
    <p class='ocr_par' dir='ltr' id='par_1_6' title="bbox 117 1779 952 1839">
     <span class='ocr_line' id='line_1_29' title="bbox 117 1779 952 1839; baseline -0.005 -14"><span class='ocrx_word' id='word_1_111' title='bbox 117 1796 119 1798; x_wconf 79' lang='grc'><strong>’</strong></span> <span class='ocrx_word' id='word_1_112' title='bbox 153 1783 451 1839; x_wconf 91' lang='lat' dir='ltr'>episcopatum</span> <span class='ocrx_word' id='word_1_113' title='bbox 474 1782 788 1824; x_wconf 86' lang='lat' dir='ltr'>ascenderetur.</span> <span class='ocrx_word' id='word_1_114' title='bbox 833 1779 952 1835; x_wconf 82' lang='lat' dir='ltr'>Quo-</span> 
     </span>
    </p>
   </div>
   <div class='ocr_carea' id='block_1_7' title="bbox 152 1838 957 2877">
    <p class='ocr_par' dir='ltr' id='par_1_7' title="bbox 152 1838 957 2877">
     <span class='ocr_line' id='line_1_30' title="bbox 153 1838 954 1896; baseline -0.005 -13"><span class='ocrx_word' id='word_1_115' title='bbox 153 1855 248 1883; x_wconf 90' lang='lat' dir='ltr'>rum</span> <span class='ocrx_word' id='word_1_116' title='bbox 299 1842 490 1896; x_wconf 87' lang='lat' dir='ltr'>primurn</span> <span class='ocrx_word' id='word_1_117' title='bbox 542 1846 664 1882; x_wconf 91' lang='lat' dir='ltr'>tenet</span> <span class='ocrx_word' id='word_1_118' title='bbox 714 1838 954 1888; x_wconf 88' lang='lat' dir='ltr'>hostiarius,</span> 
     </span>
     <span class='ocr_line' id='line_1_31' title="bbox 153 1896 955 1949; baseline -0.005 -8"><span class='ocrx_word' id='word_1_119' title='bbox 153 1899 340 1941; x_wconf 87' lang='lat' dir='ltr'>alterum</span> <span class='ocrx_word' id='word_1_120' title='bbox 392 1898 541 1949; x_wconf 63' lang='lat' dir='ltr'>lefitor,</span> <span class='ocrx_word' id='word_1_121' title='bbox 588 1904 683 1940; x_wconf 91' lang='lat' dir='ltr'>tum</span> <span class='ocrx_word' id='word_1_122' title='bbox 727 1896 955 1948; x_wconf 88' lang='lat' dir='ltr'>exorcista,</span> 
     </span>
     <span class='ocr_line' id='line_1_32' title="bbox 154 1955 955 2012; baseline -0.005 -13"><span class='ocrx_word' id='word_1_123' title='bbox 154 1956 345 2012; x_wconf 86' lang='lat' dir='ltr'>sequitur</span> <span class='ocrx_word' id='word_1_124' title='bbox 397 1957 597 2005; x_wconf 90' lang='lat' dir='ltr'>acolitus,</span> <span class='ocrx_word' id='word_1_125' title='bbox 652 1955 955 2004; x_wconf 87' lang='lat' dir='ltr'>subdiaconus,</span> 
     </span>
     <span class='ocr_line' id='line_1_33' title="bbox 152 2013 953 2069; baseline -0.005 -12"><span class='ocrx_word' id='word_1_126' title='bbox 152 2015 376 2065; x_wconf 87' lang='lat' dir='ltr'>diaconus,</span> <span class='ocrx_word' id='word_1_127' title='bbox 421 2014 663 2069; x_wconf 88' lang='lat' dir='ltr'>presbyter,</span> <span class='ocrx_word' id='word_1_128' title='bbox 715 2013 953 2067; x_wconf 88' lang='lat' dir='ltr'>episcopus.</span> 
     </span>
     <span class='ocr_line' id='line_1_34' title="bbox 157 2071 955 2125; baseline -0.005 -11"><span class='ocrx_word' id='word_1_129' title='bbox 157 2072 280 2115; x_wconf 92' lang='lat' dir='ltr'>Idem</span> <span class='ocrx_word' id='word_1_130' title='bbox 333 2073 568 2121; x_wconf 90' lang='lat' dir='ltr'>constituit,</span> <span class='ocrx_word' id='word_1_131' title='bbox 614 2071 684 2113; x_wconf 92' lang='lat' dir='ltr'>Ne</span> <span class='ocrx_word' id='word_1_132' title='bbox 735 2071 803 2111; x_wconf 90' lang='lat' dir='ltr'>cui</span> <span class='ocrx_word' id='word_1_133' title='bbox 856 2084 955 2125; x_wconf 92' lang='lat' dir='ltr'>pro-</span> 
     </span>
     <span class='ocr_line' id='line_1_35' title="bbox 154 2130 956 2186; baseline -0.004 -14"><span class='ocrx_word' id='word_1_134' title='bbox 154 2131 302 2186; x_wconf 90' lang='lat' dir='ltr'>phano</span> <span class='ocrx_word' id='word_1_135' title='bbox 372 2131 501 2173; x_wconf 90' lang='lat' dir='ltr'>sacris</span> <span class='ocrx_word' id='word_1_136' title='bbox 571 2130 806 2178; x_wconf 89' lang='lat' dir='ltr'>initiatum,</span> <span class='ocrx_word' id='word_1_137' title='bbox 875 2142 956 2169; x_wconf 91' lang='lat' dir='ltr'>nec</span> 
     </span>
     <span class='ocr_line' id='line_1_36' title="bbox 154 2186 955 2244; baseline -0.005 -14"><span class='ocrx_word' id='word_1_138' title='bbox 154 2202 330 2244; x_wconf 87' lang='lat' dir='ltr'>pagano</span> <span class='ocrx_word' id='word_1_139' title='bbox 390 2188 458 2230; x_wconf 92' lang='lat' dir='ltr'>vel</span> <span class='ocrx_word' id='word_1_140' title='bbox 529 2187 739 2229; x_wconf 84' lang='lat' dir='ltr'>haeretico</span> <span class='ocrx_word' id='word_1_141' title='bbox 805 2186 955 2227; x_wconf 89' lang='lat' dir='ltr'>liceret</span> 
     </span>
     <span class='ocr_line' id='line_1_37' title="bbox 154 2244 955 2288; baseline -0.005 0"><span class='ocrx_word' id='word_1_142' title='bbox 154 2246 435 2288; x_wconf 89' lang='lat' dir='ltr'>christianum</span> <span class='ocrx_word' id='word_1_143' title='bbox 486 2245 713 2287; x_wconf 90' lang='lat' dir='ltr'>hominem</span> <span class='ocrx_word' id='word_1_144' title='bbox 757 2244 800 2284; x_wconf 91' lang='lat' dir='ltr'>in</span> <span class='ocrx_word' id='word_1_145' title='bbox 843 2244 955 2285; x_wconf 89' lang='lat' dir='ltr'>iudi-</span> 
     </span>
     <span class='ocr_line' id='line_1_38' title="bbox 153 2302 953 2346; baseline -0.005 0"><span class='ocrx_word' id='word_1_146' title='bbox 153 2304 268 2346; x_wconf 87' lang='lat' dir='ltr'>cium</span> <span class='ocrx_word' id='word_1_147' title='bbox 300 2318 467 2346; x_wconf 88' lang='lat' dir='ltr'>vocare.</span> <span class='ocrx_word' id='word_1_148' title='bbox 530 2303 752 2345; x_wconf 90' lang='lat' dir='ltr'>Postremo</span> <span class='ocrx_word' id='word_1_149' title='bbox 781 2308 877 2343; x_wconf 89' lang='lat' dir='ltr'>orta</span> <span class='ocrx_word' id='word_1_150' title='bbox 911 2302 953 2342; x_wconf 91' lang='lat' dir='ltr'>in</span> 
     </span>
     <span class='ocr_line' id='line_1_39' title="bbox 153 2359 954 2415; baseline -0.005 -12"><span class='ocrx_word' id='word_1_151' title='bbox 153 2361 407 2404; x_wconf 89' lang='lat' dir='ltr'>christianos</span> <span class='ocrx_word' id='word_1_152' title='bbox 443 2369 643 2415; x_wconf 91' lang='lat' dir='ltr'>tempore</span> <span class='ocrx_word' id='word_1_153' title='bbox 687 2359 954 2401; x_wconf 89' lang='lat' dir='ltr'>Diocletiani</span> 
     </span>
     <span class='ocr_line' id='line_1_40' title="bbox 154 2417 953 2474; baseline -0.005 -13"><span class='ocrx_word' id='word_1_154' title='bbox 154 2419 452 2474; x_wconf 88' lang='lat' dir='ltr'>persecutione</span> <span class='ocrx_word' id='word_1_155' title='bbox 502 2419 712 2467; x_wconf 89' lang='lat' dir='ltr'>maxima,</span> <span class='ocrx_word' id='word_1_156' title='bbox 758 2430 858 2458; x_wconf 90' lang='lat' dir='ltr'>cum</span> <span class='ocrx_word' id='word_1_157' title='bbox 911 2417 953 2458; x_wconf 90' lang='lat' dir='ltr'>in</span> 
     </span>
     <span class='ocr_line' id='line_1_41' title="bbox 155 2475 955 2519; baseline -0.006 0"><span class='ocrx_word' id='word_1_158' title='bbox 155 2476 444 2519; x_wconf 88' lang='lat' dir='ltr'>subterraneis</span> <span class='ocrx_word' id='word_1_159' title='bbox 466 2476 574 2518; x_wconf 88' lang='lat' dir='ltr'>locis</span> <span class='ocrx_word' id='word_1_160' title='bbox 602 2476 677 2518; x_wconf 93' lang='lat' dir='ltr'>diu</span> <span class='ocrx_word' id='word_1_161' title='bbox 700 2475 845 2517; x_wconf 90' lang='lat' dir='ltr'>vitans</span> <span class='ocrx_word' id='word_1_162' title='bbox 877 2475 955 2515; x_wconf 90' lang='lat' dir='ltr'>im-</span> 
     </span>
     <span class='ocr_line' id='line_1_42' title="bbox 187 2533 956 2586; baseline -0.004 -10"><span class='ocrx_word' id='word_1_163' title='bbox 187 2534 328 2576; x_wconf 88' lang='lat' dir='ltr'>iorum</span> <span class='ocrx_word' id='word_1_164' title='bbox 355 2534 544 2576; x_wconf 85' lang='lat' dir='ltr'>furorem</span> <span class='ocrx_word' id='word_1_165' title='bbox 577 2533 777 2583; x_wconf 88' lang='lat' dir='ltr'>latuisset,</span> <span class='ocrx_word' id='word_1_166' title='bbox 798 2539 956 2586; x_wconf 90' lang='lat' dir='ltr'>captus</span> 
     </span>
     <span class='ocr_line' id='line_1_43' title="bbox 154 2589 956 2646; baseline -0.004 -12"><span class='ocrx_word' id='word_1_167' title='bbox 154 2606 182 2634; x_wconf 89' lang='lat' dir='ltr'>a</span> <span class='ocrx_word' id='word_1_168' title='bbox 221 2592 567 2646; x_wconf 86' lang='lat' dir='ltr'>persecutoribus</span> <span class='ocrx_word' id='word_1_169' title='bbox 602 2605 689 2632; x_wconf 91' lang='lat' dir='ltr'>vna</span> <span class='ocrx_word' id='word_1_170' title='bbox 730 2603 830 2632; x_wconf 91' lang='lat' dir='ltr'>cum</span> <span class='ocrx_word' id='word_1_171' title='bbox 868 2589 956 2632; x_wconf 90' lang='lat' dir='ltr'>Ga-</span> 
     </span>
     <span class='ocr_line' id='line_1_44' title="bbox 155 2647 957 2703; baseline -0.004 -12"><span class='ocrx_word' id='word_1_172' title='bbox 155 2649 277 2692; x_wconf 86' lang='lat' dir='ltr'>binio</span> <span class='ocrx_word' id='word_1_173' title='bbox 299 2649 443 2699; x_wconf 85' lang='lat' dir='ltr'>fratre,</span> <span class='ocrx_word' id='word_1_174' title='bbox 456 2649 632 2703; x_wconf 89' lang='lat' dir='ltr'>eiusque</span> <span class='ocrx_word' id='word_1_175' title='bbox 664 2647 753 2689; x_wconf 86' lang='lat' dir='ltr'>filia</span> <span class='ocrx_word' id='word_1_176' title='bbox 775 2647 957 2689; x_wconf 91' lang='lat' dir='ltr'>susanna</span> 
     </span>
     <span class='ocr_line' id='line_1_45' title="bbox 156 2705 957 2761; baseline -0.004 -12"><span class='ocrx_word' id='word_1_177' title='bbox 156 2707 368 2761; x_wconf 88' lang='lat' dir='ltr'>martyrio</span> <span class='ocrx_word' id='word_1_178' title='bbox 398 2713 634 2749; x_wconf 88' lang='lat' dir='ltr'>coronatur</span> <span class='ocrx_word' id='word_1_179' title='bbox 662 2720 715 2747; x_wconf 89' lang='lat' dir='ltr'>.x.</span> <span class='ocrx_word' id='word_1_180' title='bbox 748 2705 957 2747; x_wconf 89' lang='lat' dir='ltr'>calendas</span> 
     </span>
     <span class='ocr_line' id='line_1_46' title="bbox 157 2762 957 2818; baseline -0.004 -12"><span class='ocrx_word' id='word_1_181' title='bbox 157 2764 279 2818; x_wconf 86' lang='lat' dir='ltr'>Maij,</span> <span class='ocrx_word' id='word_1_182' title='bbox 300 2770 345 2807; x_wconf 91' lang='lat' dir='ltr'>et</span> <span class='ocrx_word' id='word_1_183' title='bbox 367 2764 409 2805; x_wconf 92' lang='lat' dir='ltr'>in</span> <span class='ocrx_word' id='word_1_184' title='bbox 438 2763 693 2806; x_wconf 89' lang='lat' dir='ltr'>coemeterio</span> <span class='ocrx_word' id='word_1_185' title='bbox 717 2762 864 2806; x_wconf 91' lang='lat' dir='ltr'>Calisti</span> <span class='ocrx_word' id='word_1_186' title='bbox 887 2763 957 2804; x_wconf 88' lang='lat' dir='ltr'>via</span> 
     </span>
     <span class='ocr_line' id='line_1_47' title="bbox 155 2820 957 2877; baseline -0.004 -13"><span class='ocrx_word' id='word_1_187' title='bbox 155 2822 308 2877; x_wconf 91' lang='lat' dir='ltr'>Appia</span> <span class='ocrx_word' id='word_1_188' title='bbox 363 2821 577 2876; x_wconf 88' lang='lat' dir='ltr'>sepelitur.</span> <span class='ocrx_word' id='word_1_189' title='bbox 630 2834 730 2863; x_wconf 92' lang='lat' dir='ltr'>cum</span> <span class='ocrx_word' id='word_1_190' title='bbox 788 2820 957 2862; x_wconf 91' lang='lat' dir='ltr'>sedisset</span> 
     </span>
    </p>
   </div>
   <div class='ocr_carea' id='block_1_8' title="bbox 224 2929 630 3069">
    <p class='ocr_par' dir='ltr' id='par_1_8' title="bbox 224 2929 630 3069">
     <span class='ocr_line' id='line_1_48' title="bbox 226 2929 535 2965; baseline -0.003 0"><span class='ocrx_word' id='word_1_191' title='bbox 226 2929 238 2952; x_wconf 88' lang='lat'>¹</span> <span class='ocrx_word' id='word_1_192' title='bbox 264 2930 325 2965; x_wconf 84' lang='lat' dir='ltr'>die</span> <span class='ocrx_word' id='word_1_193' title='bbox 345 2939 410 2965; x_wconf 85' lang='lat'><strong>.22.</strong></span> <span class='ocrx_word' id='word_1_194' title='bbox 431 2930 472 2964; x_wconf 83' lang='lat' dir='ltr'>in</span> <span class='ocrx_word' id='word_1_195' title='bbox 490 2941 535 2964; x_wconf 92' lang='lat' dir='ltr'>m.</span> 
     </span>
     <span class='ocr_line' id='line_1_49' title="bbox 224 2976 630 3023; baseline -0.002 -12"><span class='ocrx_word' id='word_1_196' title='bbox 224 2976 238 2999; x_wconf 81' lang='lat'>²</span> <span class='ocrx_word' id='word_1_197' title='bbox 263 2981 307 3012; x_wconf 83' lang='lat' dir='ltr'>vt</span> <span class='ocrx_word' id='word_1_198' title='bbox 309 2976 437 3023; x_wconf 78' lang='lat' dir='ltr'>supra</span> <span class='ocrx_word' id='word_1_199' title='bbox 455 2990 468 3012; x_wconf 91' lang='lat'>.·</span> <span class='ocrx_word' id='word_1_200' title='bbox 485 2976 567 3011; x_wconf 82' lang='lat' dir='ltr'>add.</span> <span class='ocrx_word' id='word_1_201' title='bbox 590 2976 630 3010; x_wconf 85' lang='lat' dir='ltr'>A.</span> 
     </span>
     <span class='ocr_line' id='line_1_50' title="bbox 226 3022 534 3069; baseline -0.006 -10"><span class='ocrx_word' id='word_1_202' title='bbox 226 3022 240 3046; x_wconf 79' lang='lat'>⁸</span> <span class='ocrx_word' id='word_1_203' title='bbox 265 3023 326 3059; x_wconf 89' lang='lat' dir='ltr'>die</span> <span class='ocrx_word' id='word_1_204' title='bbox 343 3033 409 3069; x_wconf 83' lang='lat'><strong>·25·</strong></span> <span class='ocrx_word' id='word_1_205' title='bbox 429 3025 470 3058; x_wconf 82' lang='lat' dir='ltr'>in</span> <span class='ocrx_word' id='word_1_206' title='bbox 490 3034 534 3058; x_wconf 86' lang='lat' dir='ltr'>m.</span> 
     </span>
    </p>
   </div>
   <div class='ocr_carea' id='block_1_9' title="bbox 1025 276 1832 389">
    <p class='ocr_par' dir='ltr' id='par_1_9' title="bbox 1025 276 1832 389">
     <span class='ocr_line' id='line_1_51' title="bbox 1026 276 1832 344; baseline 0.002 -25"><span class='ocrx_word' id='word_1_207' title='bbox 1026 290 1168 344; x_wconf 80' lang='lat' dir='ltr'>annos</span> <span class='ocrx_word' id='word_1_208' title='bbox 1199 276 1272 331; x_wconf 87' lang='lat' dir='ltr'>.xj.</span> <span class='ocrx_word' id='word_1_209' title='bbox 1305 277 1487 322; x_wconf 89' lang='lat' dir='ltr'>menses.</span> <span class='ocrx_word' id='word_1_210' title='bbox 1517 285 1709 334; x_wconf 90' lang='lat' dir='ltr'>quatuor</span> <span class='ocrx_word' id='word_1_211' title='bbox 1738 279 1832 321; x_wconf 89' lang='lat' dir='ltr'>dies</span> 
     </span>
     <span class='ocr_line' id='line_1_52' title="bbox 1025 349 1117 389; baseline 0 -11"><span class='ocrx_word' id='word_1_212' title='bbox 1025 349 1117 389; x_wconf 67' lang='lat' dir='ltr'>.xu.</span> 
     </span>
    </p>
   </div>
   <div class='ocr_carea' id='block_1_10' title="bbox 1025 431 1838 651">
    <p class='ocr_par' dir='ltr' id='par_1_10' title="bbox 1025 431 1838 651">
     <span class='ocr_line' id='line_1_53' title="bbox 1025 431 1838 489; baseline 0.006 -17"><span class='ocrx_word' id='word_1_213' title='bbox 1025 434 1071 480; x_wconf 72' lang='grc' dir='ltr'>ΙΙ</span> <span class='ocrx_word' id='word_1_214' title='bbox 1104 431 1290 474; x_wconf 86' lang='lat' dir='ltr'>Marcus</span> <span class='ocrx_word' id='word_1_215' title='bbox 1343 433 1627 489; x_wconf 81' lang='lat' dir='ltr'>Euangelzsta</span> <span class='ocrx_word' id='word_1_216' title='bbox 1682 435 1838 489; x_wconf 79' lang='lat' dir='ltr'>duplex</span> 
     </span>
     <span class='ocr_line' id='line_1_54' title="bbox 1083 490 1832 546; baseline 0.004 -15"><span class='ocrx_word' id='word_1_217' title='bbox 1083 490 1238 532; x_wconf 85' lang='lat' dir='ltr'>maius.</span> <span class='ocrx_word' id='word_1_218' title='bbox 1299 490 1383 532; x_wconf 82' lang='lat' dir='ltr'>Ad</span> <span class='ocrx_word' id='word_1_219' title='bbox 1418 491 1610 546; x_wconf 82' lang='lat' dir='ltr'>vesperas</span> <span class='ocrx_word' id='word_1_220' title='bbox 1648 500 1690 534; x_wconf 86' lang='lat' dir='ltr'>et</span> <span class='ocrx_word' id='word_1_221' title='bbox 1726 493 1832 534; x_wconf 88' lang='lat' dir='ltr'>Ma-</span> 
     </span>
     <span class='ocr_line' id='line_1_55' title="bbox 1083 548 1832 602; baseline 0.005 -13"><span class='ocrx_word' id='word_1_222' title='bbox 1083 548 1275 590; x_wconf 84' lang='lat' dir='ltr'>tutinum</span> <span class='ocrx_word' id='word_1_223' title='bbox 1326 549 1501 602; x_wconf 86' lang='lat' dir='ltr'>Hymni</span> <span class='ocrx_word' id='word_1_224' title='bbox 1537 556 1579 591; x_wconf 85' lang='lat' dir='ltr'>et</span> <span class='ocrx_word' id='word_1_225' title='bbox 1616 550 1832 593; x_wconf 85' lang='lat' dir='ltr'>Inuz&#39;tato-</span> 
     </span>
     <span class='ocr_line' id='line_1_56' title="bbox 1082 606 1833 651; baseline 0.005 -4"><span class='ocrx_word' id='word_1_226' title='bbox 1082 606 1200 648; x_wconf 87' lang='lat' dir='ltr'>rium</span> <span class='ocrx_word' id='word_1_227' title='bbox 1259 606 1467 649; x_wconf 78' lang='lat' dir='ltr'>dicuntur</span> <span class='ocrx_word' id='word_1_228' title='bbox 1514 608 1566 650; x_wconf 84' lang='lat' dir='ltr'>de</span> <span class='ocrx_word' id='word_1_229' title='bbox 1614 610 1833 651; x_wconf 84' lang='lat' dir='ltr'>communi</span> 
     </span>
    </p>
   </div>
   <div class='ocr_carea' id='block_1_11' title="bbox 1084 664 1641 720">
    <p class='ocr_par' dir='ltr' id='par_1_11' title="bbox 1084 664 1641 720">
     <span class='ocr_line' id='line_1_57' title="bbox 1084 664 1641 720; baseline 0.007 -15"><span class='ocrx_word' id='word_1_230' title='bbox 1084 664 1124 705; x_wconf 84' lang='lat' dir='ltr'><em>A</em></span> <span class='ocrx_word' id='word_1_231' title='bbox 1124 664 1413 720; x_wconf 81' lang='lat' dir='ltr'>postolorum².</span> <span class='ocrx_word' id='word_1_232' title='bbox 1478 665 1641 710; x_wconf 81' lang='lat' dir='ltr'>Oratio,</span> 
     </span>
    </p>
   </div>
   <div class='ocr_carea' id='block_1_12' title="bbox 1022 739 1831 1074">
    <p class='ocr_par' dir='ltr' id='par_1_12' title="bbox 1032 739 1830 822">
     <span class='ocr_line' id='line_1_58' title="bbox 1032 739 1830 822; baseline 0.008 -43"><span class='ocrx_word' id='word_1_233' title='bbox 1032 739 1223 822; x_wconf 85' lang='lat' dir='ltr'>DEus,</span> <span class='ocrx_word' id='word_1_234' title='bbox 1267 740 1342 794; x_wconf 92' lang='lat' dir='ltr'>qui</span> <span class='ocrx_word' id='word_1_235' title='bbox 1393 741 1574 783; x_wconf 89' lang='lat' dir='ltr'>beatum</span> <span class='ocrx_word' id='word_1_236' title='bbox 1628 742 1830 785; x_wconf 91' lang='lat' dir='ltr'>Marcum</span> 
     </span>
    </p>

    <p class='ocr_par' dir='ltr' id='par_1_13' title="bbox 1022 798 1831 1074">
     <span class='ocr_line' id='line_1_59' title="bbox 1147 798 1831 856; baseline 0.007 -18"><span class='ocrx_word' id='word_1_237' title='bbox 1147 798 1476 852; x_wconf 87' lang='lat' dir='ltr'>Euangelistam</span> <span class='ocrx_word' id='word_1_238' title='bbox 1528 806 1655 856; x_wconf 81' lang='lat' dir='ltr'>tuum</span> <span class='ocrx_word' id='word_1_239' title='bbox 1697 814 1831 842; x_wconf 91' lang='lat' dir='ltr'>euan-</span> 
     </span>
     <span class='ocr_line' id='line_1_60' title="bbox 1022 854 1831 912; baseline 0.006 -17"><span class='ocrx_word' id='word_1_240' title='bbox 1022 854 1175 909; x_wconf 86' lang='lat' dir='ltr'>gelicae</span> <span class='ocrx_word' id='word_1_241' title='bbox 1197 857 1510 911; x_wconf 87' lang='lat' dir='ltr'>predicationis</span> <span class='ocrx_word' id='word_1_242' title='bbox 1537 858 1680 912; x_wconf 89' lang='lat' dir='ltr'>gratia</span> <span class='ocrx_word' id='word_1_243' title='bbox 1703 858 1831 900; x_wconf 92' lang='lat' dir='ltr'>subli-</span> 
     </span>
     <span class='ocr_line' id='line_1_61' title="bbox 1025 913 1830 968; baseline 0.007 -15"><span class='ocrx_word' id='word_1_244' title='bbox 1025 913 1162 963; x_wconf 89' lang='lat' dir='ltr'>masti,</span> <span class='ocrx_word' id='word_1_245' title='bbox 1185 914 1329 956; x_wconf 90' lang='lat' dir='ltr'>tribue</span> <span class='ocrx_word' id='word_1_246' title='bbox 1350 915 1611 968; x_wconf 85' lang='lat' dir='ltr'>quaesumus.</span> <span class='ocrx_word' id='word_1_247' title='bbox 1634 917 1727 958; x_wconf 90' lang='lat' dir='ltr'>eius</span> <span class='ocrx_word' id='word_1_248' title='bbox 1750 931 1830 958; x_wconf 92' lang='lat' dir='ltr'>nos</span> 
     </span>
     <span class='ocr_line' id='line_1_62' title="bbox 1025 970 1830 1028; baseline 0.006 -17"><span class='ocrx_word' id='word_1_249' title='bbox 1025 970 1194 1025; x_wconf 91' lang='lat' dir='ltr'>semper</span> <span class='ocrx_word' id='word_1_250' title='bbox 1233 979 1278 1014; x_wconf 93' lang='lat' dir='ltr'>et</span> <span class='ocrx_word' id='word_1_251' title='bbox 1318 974 1567 1015; x_wconf 87' lang='lat' dir='ltr'>eruditione</span> <span class='ocrx_word' id='word_1_252' title='bbox 1608 974 1830 1028; x_wconf 87' lang='lat' dir='ltr'>proficere,</span> 
     </span>
     <span class='ocr_line' id='line_1_63' title="bbox 1024 1030 1634 1074; baseline 0.005 -4"><span class='ocrx_word' id='word_1_253' title='bbox 1024 1035 1068 1070; x_wconf 94' lang='lat' dir='ltr'>et</span> <span class='ocrx_word' id='word_1_254' title='bbox 1090 1030 1290 1071; x_wconf 87' lang='lat' dir='ltr'>oratione</span> <span class='ocrx_word' id='word_1_255' title='bbox 1312 1031 1509 1073; x_wconf 87' lang='lat' dir='ltr'>defendi:</span> <span class='ocrx_word' id='word_1_256' title='bbox 1542 1032 1634 1074; x_wconf 92' lang='lat' dir='ltr'>Per.</span> 
     </span>
    </p>
   </div>
   <div class='ocr_carea' id='block_1_13' title="bbox 1255 1126 1594 1171">
    <p class='ocr_par' dir='ltr' id='par_1_14' title="bbox 1255 1126 1594 1171">
     <span class='ocr_line' id='line_1_64' title="bbox 1255 1126 1594 1171; baseline 0.009 -3"><span class='ocrx_word' id='word_1_257' title='bbox 1255 1126 1401 1169; x_wconf 62' lang='lat' dir='ltr'>LeHio</span> <span class='ocrx_word' id='word_1_258' title='bbox 1432 1128 1562 1170; x_wconf 83' lang='lat' dir='ltr'>tertia</span> <span class='ocrx_word' id='word_1_259' title='bbox 1568 1127 1594 1171; x_wconf 84' lang='lat'>⁸.</span> 
     </span>
    </p>
   </div>
   <div class='ocr_carea' id='block_1_14' title="bbox 1021 1200 1830 2576">
    <p class='ocr_par' dir='ltr' id='par_1_15' title="bbox 1034 1200 1830 1284">
     <span class='ocr_line' id='line_1_65' title="bbox 1034 1200 1830 1284; baseline 0.008 -43"><span class='ocrx_word' id='word_1_260' title='bbox 1034 1200 1127 1284; x_wconf 82' lang='lat' dir='ltr'>M</span> <span class='ocrx_word' id='word_1_261' title='bbox 1142 1200 1287 1243; x_wconf 86' lang='lat' dir='ltr'>Arcus</span> <span class='ocrx_word' id='word_1_262' title='bbox 1301 1203 1538 1257; x_wconf 85' lang='lat' dir='ltr'>discipulus</span> <span class='ocrx_word' id='word_1_263' title='bbox 1553 1210 1597 1246; x_wconf 92' lang='lat' dir='ltr'>et</span> <span class='ocrx_word' id='word_1_264' title='bbox 1614 1204 1830 1260; x_wconf 90' lang='lat' dir='ltr'>interpres</span> 
     </span>
    </p>

    <p class='ocr_par' dir='ltr' id='par_1_16' title="bbox 1021 1260 1830 2576">
     <span class='ocr_line' id='line_1_66' title="bbox 1173 1260 1830 1315; baseline 0.008 -15"><span class='ocrx_word' id='word_1_265' title='bbox 1173 1260 1302 1310; x_wconf 91' lang='lat' dir='ltr'>Petri,</span> <span class='ocrx_word' id='word_1_266' title='bbox 1333 1262 1714 1315; x_wconf 88' lang='lat' dir='ltr'>quemadmodum</span> <span class='ocrx_word' id='word_1_267' title='bbox 1750 1264 1830 1305; x_wconf 92' lang='lat' dir='ltr'>Pe-</span> 
     </span>
     <span class='ocr_line' id='line_1_67' title="bbox 1024 1317 1829 1370; baseline 0.007 -13"><span class='ocrx_word' id='word_1_268' title='bbox 1024 1323 1140 1358; x_wconf 88' lang='lat' dir='ltr'>trum</span> <span class='ocrx_word' id='word_1_269' title='bbox 1193 1317 1455 1360; x_wconf 89' lang='lat' dir='ltr'>referentem</span> <span class='ocrx_word' id='word_1_270' title='bbox 1505 1321 1717 1370; x_wconf 90' lang='lat' dir='ltr'>audierat,</span> <span class='ocrx_word' id='word_1_271' title='bbox 1760 1335 1829 1363; x_wconf 90' lang='lat' dir='ltr'>ro-</span> 
     </span>
     <span class='ocr_line' id='line_1_68' title="bbox 1023 1376 1830 1428; baseline 0.007 -13"><span class='ocrx_word' id='word_1_272' title='bbox 1023 1381 1154 1428; x_wconf 87' lang='lat' dir='ltr'>gatus</span> <span class='ocrx_word' id='word_1_273' title='bbox 1193 1376 1352 1418; x_wconf 85' lang='lat' dir='ltr'>Romae</span> <span class='ocrx_word' id='word_1_274' title='bbox 1394 1376 1420 1418; x_wconf 77' lang='lat' dir='ltr'>a</span> <span class='ocrx_word' id='word_1_275' title='bbox 1456 1377 1664 1421; x_wconf 90' lang='lat' dir='ltr'>fratribus</span> <span class='ocrx_word' id='word_1_276' title='bbox 1696 1379 1830 1421; x_wconf 92' lang='lat' dir='ltr'>breue</span> 
     </span>
     <span class='ocr_line' id='line_1_69' title="bbox 1024 1432 1828 1491; baseline 0.009 -18"><span class='ocrx_word' id='word_1_277' title='bbox 1024 1432 1184 1487; x_wconf 74' lang='lat' dir='ltr'>scripsit</span> <span class='ocrx_word' id='word_1_278' title='bbox 1205 1435 1500 1489; x_wconf 85' lang='lat' dir='ltr'>euangelium.</span> <span class='ocrx_word' id='word_1_279' title='bbox 1564 1436 1697 1491; x_wconf 81' lang='lat' dir='ltr'>Quod</span> <span class='ocrx_word' id='word_1_280' title='bbox 1727 1451 1828 1480; x_wconf 91' lang='lat' dir='ltr'>cum</span> 
     </span>
     <span class='ocr_line' id='line_1_70' title="bbox 1026 1491 1828 1548; baseline 0.007 -16"><span class='ocrx_word' id='word_1_281' title='bbox 1026 1491 1179 1533; x_wconf 88' lang='lat' dir='ltr'>Petrus</span> <span class='ocrx_word' id='word_1_282' title='bbox 1236 1493 1431 1543; x_wconf 89' lang='lat' dir='ltr'>audisset,</span> <span class='ocrx_word' id='word_1_283' title='bbox 1485 1495 1719 1548; x_wconf 89' lang='lat' dir='ltr'>probauit:</span> <span class='ocrx_word' id='word_1_284' title='bbox 1784 1502 1828 1538; x_wconf 92' lang='lat' dir='ltr'>et</span> 
     </span>
     <span class='ocr_line' id='line_1_71' title="bbox 1023 1549 1829 1605; baseline 0.009 -16"><span class='ocrx_word' id='word_1_285' title='bbox 1023 1549 1212 1591; x_wconf 81' lang='lat' dir='ltr'>ecclefiae</span> <span class='ocrx_word' id='word_1_286' title='bbox 1249 1549 1486 1605; x_wconf 87' lang='lat' dir='ltr'>legendum</span> <span class='ocrx_word' id='word_1_287' title='bbox 1530 1552 1603 1594; x_wconf 93' lang='lat' dir='ltr'>sua</span> <span class='ocrx_word' id='word_1_288' title='bbox 1640 1551 1829 1595; x_wconf 69' lang='lat' dir='ltr'>au&amp;ori-</span> 
     </span>
     <span class='ocr_line' id='line_1_72' title="bbox 1022 1608 1828 1659; baseline 0.006 -11"><span class='ocrx_word' id='word_1_289' title='bbox 1022 1613 1115 1649; x_wconf 89' lang='lat' dir='ltr'>tate</span> <span class='ocrx_word' id='word_1_290' title='bbox 1146 1608 1298 1659; x_wconf 87' lang='lat' dir='ltr'>edidit,</span> <span class='ocrx_word' id='word_1_291' title='bbox 1327 1615 1375 1651; x_wconf 93' lang='lat' dir='ltr'>vt</span> <span class='ocrx_word' id='word_1_292' title='bbox 1406 1609 1590 1652; x_wconf 91' lang='lat' dir='ltr'>testatur</span> <span class='ocrx_word' id='word_1_293' title='bbox 1621 1611 1828 1653; x_wconf 90' lang='lat' dir='ltr'>Clemens</span> 
     </span>
     <span class='ocr_line' id='line_1_73' title="bbox 1023 1665 1827 1720; baseline 0.007 -14"><span class='ocrx_word' id='word_1_294' title='bbox 1023 1665 1257 1720; x_wconf 88' lang='lat' dir='ltr'>presbyter</span> <span class='ocrx_word' id='word_1_295' title='bbox 1291 1667 1479 1709; x_wconf 83' lang='lat' dir='ltr'>ecclefiae</span> <span class='ocrx_word' id='word_1_296' title='bbox 1512 1668 1827 1712; x_wconf 74' lang='lat' dir='ltr'>alexandrinae.</span> 
     </span>
     <span class='ocr_line' id='line_1_74' title="bbox 1024 1723 1829 1782; baseline 0.006 -17"><span class='ocrx_word' id='word_1_297' title='bbox 1024 1723 1202 1765; x_wconf 89' lang='lat' dir='ltr'>Marcus</span> <span class='ocrx_word' id='word_1_298' title='bbox 1253 1725 1386 1779; x_wconf 87' lang='lat' dir='ltr'>igitur</span> <span class='ocrx_word' id='word_1_299' title='bbox 1434 1726 1666 1781; x_wconf 89' lang='lat' dir='ltr'>assumpto,</span> <span class='ocrx_word' id='word_1_300' title='bbox 1709 1729 1829 1782; x_wconf 93' lang='lat' dir='ltr'>quod</span> 
     </span>
     <span class='ocr_line' id='line_1_75' title="bbox 1023 1781 1828 1839; baseline 0.007 -17"><span class='ocrx_word' id='word_1_301' title='bbox 1023 1781 1258 1835; x_wconf 89' lang='lat' dir='ltr'>scripserat,</span> <span class='ocrx_word' id='word_1_302' title='bbox 1290 1783 1524 1838; x_wconf 86' lang='lat' dir='ltr'>euangelio</span> <span class='ocrx_word' id='word_1_303' title='bbox 1555 1787 1752 1839; x_wconf 88' lang='lat' dir='ltr'>perrexit</span> <span class='ocrx_word' id='word_1_304' title='bbox 1785 1787 1828 1827; x_wconf 91' lang='lat' dir='ltr'>in</span> 
     </span>
     <span class='ocr_line' id='line_1_76' title="bbox 1023 1839 1827 1896; baseline 0.006 -16"><span class='ocrx_word' id='word_1_305' title='bbox 1023 1839 1299 1894; x_wconf 87' lang='lat' dir='ltr'>Aegyptum,</span> <span class='ocrx_word' id='word_1_306' title='bbox 1343 1848 1387 1883; x_wconf 91' lang='lat' dir='ltr'>et</span> <span class='ocrx_word' id='word_1_307' title='bbox 1435 1843 1603 1896; x_wconf 90' lang='lat' dir='ltr'>primus</span> <span class='ocrx_word' id='word_1_308' title='bbox 1643 1844 1827 1885; x_wconf 88' lang='lat' dir='ltr'>alexan-</span> 
     </span>
     <span class='ocr_line' id='line_1_77' title="bbox 1024 1897 1827 1948; baseline 0.006 -10"><span class='ocrx_word' id='word_1_309' title='bbox 1024 1897 1131 1939; x_wconf 85' lang='lat' dir='ltr'>driae</span> <span class='ocrx_word' id='word_1_310' title='bbox 1162 1898 1381 1940; x_wconf 90' lang='lat' dir='ltr'>Christum</span> <span class='ocrx_word' id='word_1_311' title='bbox 1414 1901 1699 1948; x_wconf 89' lang='lat' dir='ltr'>annuncians,</span> <span class='ocrx_word' id='word_1_312' title='bbox 1723 1916 1827 1943; x_wconf 92' lang='lat' dir='ltr'>con-</span> 
     </span>
     <span class='ocr_line' id='line_1_78' title="bbox 1024 1955 1827 2011; baseline 0.006 -15"><span class='ocrx_word' id='word_1_313' title='bbox 1024 1955 1161 1997; x_wconf 91' lang='lat' dir='ltr'>stituit</span> <span class='ocrx_word' id='word_1_314' title='bbox 1198 1957 1423 1998; x_wconf 75' lang='lat' dir='ltr'>ecclesiam</span> <span class='ocrx_word' id='word_1_315' title='bbox 1457 1964 1583 1999; x_wconf 90' lang='lat' dir='ltr'>tanta</span> <span class='ocrx_word' id='word_1_316' title='bbox 1615 1957 1827 2011; x_wconf 67' lang='lat' dir='ltr'>doctrina,</span> 
     </span>
     <span class='ocr_line' id='line_1_79' title="bbox 1023 2014 1827 2065; baseline 0.006 -11"><span class='ocrx_word' id='word_1_317' title='bbox 1023 2019 1067 2054; x_wconf 93' lang='lat' dir='ltr'>et</span> <span class='ocrx_word' id='word_1_318' title='bbox 1108 2014 1211 2055; x_wconf 81' lang='lat' dir='ltr'>vitae</span> <span class='ocrx_word' id='word_1_319' title='bbox 1252 2016 1538 2065; x_wconf 88' lang='lat' dir='ltr'>continentia,</span> <span class='ocrx_word' id='word_1_320' title='bbox 1579 2022 1626 2058; x_wconf 93' lang='lat' dir='ltr'>vt</span> <span class='ocrx_word' id='word_1_321' title='bbox 1671 2031 1827 2059; x_wconf 90' lang='lat' dir='ltr'>omnes</span> 
     </span>
     <span class='ocr_line' id='line_1_80' title="bbox 1023 2068 1825 2130; baseline 0.006 -18"><span class='ocrx_word' id='word_1_322' title='bbox 1023 2068 1257 2113; x_wconf 59' lang='lat' dir='ltr'>seStatores</span> <span class='ocrx_word' id='word_1_323' title='bbox 1287 2072 1443 2115; x_wconf 89' lang='lat' dir='ltr'>Christi</span> <span class='ocrx_word' id='word_1_324' title='bbox 1477 2074 1534 2115; x_wconf 91' lang='lat' dir='ltr'>ad</span> <span class='ocrx_word' id='word_1_325' title='bbox 1566 2075 1825 2130; x_wconf 87' lang='lat' dir='ltr'>exemplum</span> 
     </span>
     <span class='ocr_line' id='line_1_81' title="bbox 1024 2128 1826 2183; baseline 0.007 -14"><span class='ocrx_word' id='word_1_326' title='bbox 1024 2128 1084 2170; x_wconf 91' lang='lat' dir='ltr'>sui</span> <span class='ocrx_word' id='word_1_327' title='bbox 1126 2136 1313 2183; x_wconf 85' lang='lat' dir='ltr'>cogeret.</span> <span class='ocrx_word' id='word_1_328' title='bbox 1376 2130 1580 2173; x_wconf 90' lang='lat' dir='ltr'>Tandem</span> <span class='ocrx_word' id='word_1_329' title='bbox 1618 2146 1718 2174; x_wconf 91' lang='lat' dir='ltr'>cum</span> <span class='ocrx_word' id='word_1_330' title='bbox 1757 2147 1826 2175; x_wconf 88' lang='lat' dir='ltr'>ec-</span> 
     </span>
     <span class='ocr_line' id='line_1_82' title="bbox 1021 2186 1825 2242; baseline 0.006 -15"><span class='ocrx_word' id='word_1_331' title='bbox 1021 2186 1194 2228; x_wconf 82' lang='lat' dir='ltr'>clefiam</span> <span class='ocrx_word' id='word_1_332' title='bbox 1216 2186 1242 2228; x_wconf 75' lang='lat' dir='ltr'>a</span> <span class='ocrx_word' id='word_1_333' title='bbox 1274 2187 1314 2229; x_wconf 94' lang='lat' dir='ltr'>se</span> <span class='ocrx_word' id='word_1_334' title='bbox 1344 2189 1513 2242; x_wconf 89' lang='lat' dir='ltr'>optime</span> <span class='ocrx_word' id='word_1_335' title='bbox 1542 2189 1825 2232; x_wconf 90' lang='lat' dir='ltr'>constitutam</span> 
     </span>
     <span class='ocr_line' id='line_1_83' title="bbox 1022 2242 1825 2300; baseline 0.006 -15"><span class='ocrx_word' id='word_1_336' title='bbox 1022 2242 1124 2286; x_wconf 79' lang='grc' dir='ltr'>06ὶο</span> <span class='ocrx_word' id='word_1_337' title='bbox 1166 2258 1307 2286; x_wconf 90' lang='lat' dir='ltr'>annos</span> <span class='ocrx_word' id='word_1_338' title='bbox 1344 2244 1600 2288; x_wconf 70' lang='lat' dir='ltr'>sanctissime</span> <span class='ocrx_word' id='word_1_339' title='bbox 1638 2249 1825 2300; x_wconf 88' lang='lat' dir='ltr'>rexisset,</span> 
     </span>
     <span class='ocr_line' id='line_1_84' title="bbox 1023 2302 1825 2360; baseline 0.007 -18"><span class='ocrx_word' id='word_1_340' title='bbox 1023 2302 1186 2343; x_wconf 89' lang='lat' dir='ltr'>ibidem</span> <span class='ocrx_word' id='word_1_341' title='bbox 1218 2310 1418 2345; x_wconf 92' lang='lat' dir='ltr'>mortuus</span> <span class='ocrx_word' id='word_1_342' title='bbox 1452 2305 1524 2355; x_wconf 91' lang='lat' dir='ltr'>est,</span> <span class='ocrx_word' id='word_1_343' title='bbox 1553 2311 1597 2346; x_wconf 92' lang='lat' dir='ltr'>et</span> <span class='ocrx_word' id='word_1_344' title='bbox 1632 2305 1825 2360; x_wconf 92' lang='lat' dir='ltr'>sepultus</span> 
     </span>
     <span class='ocr_line' id='line_1_85' title="bbox 1023 2360 1825 2415; baseline 0.007 -15"><span class='ocrx_word' id='word_1_345' title='bbox 1023 2360 1106 2414; x_wconf 80' lang='lat' dir='ltr'>‚vij.</span> <span class='ocrx_word' id='word_1_346' title='bbox 1141 2360 1349 2403; x_wconf 89' lang='lat' dir='ltr'>calendas</span> <span class='ocrx_word' id='word_1_347' title='bbox 1387 2362 1508 2415; x_wconf 91' lang='lat' dir='ltr'>Maij.</span> <span class='ocrx_word' id='word_1_348' title='bbox 1540 2369 1701 2405; x_wconf 90' lang='lat' dir='ltr'>octauo</span> <span class='ocrx_word' id='word_1_349' title='bbox 1737 2364 1825 2406; x_wconf 92' lang='lat' dir='ltr'>Ne-</span> 
     </span>
     <span class='ocr_line' id='line_1_86' title="bbox 1023 2418 1828 2474; baseline 0.007 -16"><span class='ocrx_word' id='word_1_350' title='bbox 1023 2418 1141 2458; x_wconf 87' lang='lat' dir='ltr'>ronis</span> <span class='ocrx_word' id='word_1_351' title='bbox 1170 2432 1299 2460; x_wconf 91' lang='lat' dir='ltr'>anno.</span> <span class='ocrx_word' id='word_1_352' title='bbox 1366 2419 1538 2474; x_wconf 88' lang='lat' dir='ltr'>Corpus</span> <span class='ocrx_word' id='word_1_353' title='bbox 1560 2427 1710 2465; x_wconf 89' lang='lat' dir='ltr'>autem</span> <span class='ocrx_word' id='word_1_354' title='bbox 1732 2423 1828 2464; x_wconf 90' lang='lat' dir='ltr'>eius</span> 
     </span>
     <span class='ocr_line' id='line_1_87' title="bbox 1023 2475 1826 2530; baseline 0.009 -15"><span class='ocrx_word' id='word_1_355' title='bbox 1023 2475 1118 2529; x_wconf 90' lang='lat' dir='ltr'>post</span> <span class='ocrx_word' id='word_1_356' title='bbox 1180 2476 1350 2530; x_wconf 90' lang='lat' dir='ltr'>aliquot</span> <span class='ocrx_word' id='word_1_357' title='bbox 1404 2485 1561 2520; x_wconf 83' lang='lat' dir='ltr'>aetates</span> <span class='ocrx_word' id='word_1_358' title='bbox 1613 2479 1826 2522; x_wconf 90' lang='lat' dir='ltr'>Venetias</span> 
     </span>
     <span class='ocr_line' id='line_1_88' title="bbox 1022 2533 1379 2576; baseline 0.006 -2"><span class='ocrx_word' id='word_1_359' title='bbox 1022 2533 1284 2575; x_wconf 90' lang='lat' dir='ltr'>translatum</span> <span class='ocrx_word' id='word_1_360' title='bbox 1307 2534 1379 2576; x_wconf 91' lang='lat' dir='ltr'>est.</span> 
     </span>
    </p>
   </div>
   <div class='ocr_carea' id='block_1_15' title="bbox 1052 2629 1797 2747">
    <p class='ocr_par' dir='ltr' id='par_1_17' title="bbox 1052 2629 1797 2747">
     <span class='ocr_line' id='line_1_89' title="bbox 1052 2629 1797 2690; baseline 0.007 -17"><span class='ocrx_word' id='word_1_361' title='bbox 1052 2634 1097 2680; x_wconf 71' lang='lat' dir='ltr'>(I</span> <span class='ocrx_word' id='word_1_362' title='bbox 1133 2629 1275 2674; x_wconf 81' lang='lat' dir='ltr'>Cletus</span> <span class='ocrx_word' id='word_1_363' title='bbox 1294 2639 1335 2674; x_wconf 84' lang='lat' dir='ltr'>et</span> <span class='ocrx_word' id='word_1_364' title='bbox 1355 2633 1643 2675; x_wconf 83' lang='lat' dir='ltr'>Marcellinus</span> <span class='ocrx_word' id='word_1_365' title='bbox 1657 2634 1797 2690; x_wconf 84' lang='lat' dir='ltr'>papa⁴</span> 
     </span>
     <span class='ocr_line' id='line_1_90' title="bbox 1152 2691 1696 2747; baseline 0.009 -17"><span class='ocrx_word' id='word_1_366' title='bbox 1152 2696 1372 2743; x_wconf 56' lang='lat' dir='ltr'>margyres.</span> <span class='ocrx_word' id='word_1_367' title='bbox 1434 2691 1579 2733; x_wconf 62' lang='lat' dir='ltr'>Lec‘Yz&#39;o</span> <span class='ocrx_word' id='word_1_368' title='bbox 1599 2692 1696 2747; x_wconf 77' lang='lat' dir='ltr'>.izj⁶.</span> 
     </span>
    </p>
   </div>
   <div class='ocr_carea' id='block_1_16' title="bbox 1028 2763 1826 2878">
    <p class='ocr_par' dir='ltr' id='par_1_18' title="bbox 1028 2763 1826 2878">
     <span class='ocr_line' id='line_1_91' title="bbox 1028 2763 1826 2848; baseline 0.008 -43"><span class='ocrx_word' id='word_1_369' title='bbox 1028 2763 1243 2848; x_wconf 78' lang='lat' dir='ltr'>CLetus</span> <span class='ocrx_word' id='word_1_370' title='bbox 1279 2766 1423 2819; x_wconf 90' lang='lat' dir='ltr'>patria</span> <span class='ocrx_word' id='word_1_371' title='bbox 1466 2780 1673 2809; x_wconf 89' lang='lat' dir='ltr'>romanus</span> <span class='ocrx_word' id='word_1_372' title='bbox 1714 2774 1826 2810; x_wconf 89' lang='lat' dir='ltr'>tem-</span> 
     </span>
     <span class='ocr_line' id='line_1_92' title="bbox 1135 2823 1826 2878; baseline 0.007 -15"><span class='ocrx_word' id='word_1_373' title='bbox 1135 2835 1241 2876; x_wconf 90' lang='lat' dir='ltr'>pore</span> <span class='ocrx_word' id='word_1_374' title='bbox 1277 2823 1528 2878; x_wconf 78' lang='lat' dir='ltr'>Vespasiani</span> <span class='ocrx_word' id='word_1_375' title='bbox 1560 2825 1826 2868; x_wconf 85' lang='lat' dir='ltr'>adhortante</span> 
     </span>
    </p>
   </div>
   <div class='ocr_carea' id='block_1_17' title="bbox 1084 2928 1399 3013">
    <p class='ocr_par' dir='ltr' id='par_1_19' title="bbox 1084 2928 1399 3013">
     <span class='ocr_line' id='line_1_93' title="bbox 1084 2928 1399 3013; baseline 0.003 -1"><span class='ocrx_word' id='word_1_376' title='bbox 1084 2928 1102 2998; x_wconf 75' lang='grc' dir='ltr'>ἒ</span> <span class='ocrx_word' id='word_1_377' title='bbox 1123 2940 1271 3012; x_wconf 56' lang='grc' dir='ltr'>Εἰῗέξε.</span> <span class='ocrx_word' id='word_1_378' title='bbox 1284 2930 1399 3013; x_wconf 54' lang='grc' dir='ltr'>1,ῗῖἒῆ</span> 
     </span>
    </p>
   </div>
  </div>
 </body>
</html>
