2066 3392
607 224 805 257 DOMINI
805 223 834 256 C
832 224 862 256 A
897 224 1056 256 PRIMA
1090 224 1120 256 A
1126 224 1162 255 D
1169 223 1234 256 UE
1237 223 1279 256 N
1281 224 1314 255 T
1314 224 1374 257 US
1373 246 1381 254 .

346 859 391 905 {I
415 856 496 898 Ad
513 856 784 900 matutinum.

327 953 481 996 Oratio
499 954 772 996 dominicalis
780 952 805 993 ¹.

443 1120 836 1174 mittiturfingvclis
849 1120 968 1162 lteris

183 1217 192 1229 ,
265 1172 374 1239 ᾗῇ
432 1185 516 1232 per
532 1185 667 1220 totum
687 1192 863 1221 annum.

462 1286 672 1341 Confeſjio.

168 1354 448 1441 COnfiteor
503 1355 602 1396 Deo
656 1354 964 1409 omnipotenti,

275 1413 418 1455 beatae
441 1413 595 1455 Mariae
614 1412 782 1467 semper
797 1414 966 1467 virgini,

165 1471 299 1513 beato
329 1470 536 1512 Michaeli
568 1470 864 1524 Archangelo,
891 1471 965 1512 be-

166 1535 242 1571 ato
265 1529 420 1570 Ioanni
442 1528 655 1583 baptistae,
673 1527 838 1570 saneris
859 1543 966 1583 apo-

166 1586 284 1629 stolis
321 1587 460 1635 Petro,
496 1596 541 1628 et
579 1587 727 1637 Paulo,
759 1587 966 1629 omnibus

166 1642 335 1693 sanctis,
357 1651 401 1686 et
429 1644 508 1686 tibi
537 1650 663 1698 pater
696 1658 706 1686 ε
736 1645 840 1698 quia
868 1659 967 1699 pec-

165 1702 262 1744 caui
290 1703 420 1744 nimis
447 1703 726 1757 cogitatione,
748 1703 895 1752 verbo,
920 1709 966 1744 et

166 1773 309 1814 opere.
370 1760 475 1802 Mea
510 1760 652 1814 culpa.
689 1774 788 1803 mea
822 1760 965 1815 culpa.

167 1830 266 1860 mea
286 1818 486 1860 maxima
503 1818 643 1874 culpa.
686 1819 796 1861 Ideo
812 1832 966 1873 precor

167 1875 343 1918 beatam
354 1876 540 1918 Mariam
556 1876 724 1931 semper
736 1878 963 1931 virginem,

168 1933 347 1975 beatum
362 1933 624 1976 Michaelem
639 1934 965 1989 archangelum,

164 1990 346 2038 ,beatum
359 1992 572 2034 Ioannem
586 1992 834 2048 baptistam,
845 1993 965 2037 sanc-

168 2053 238 2092 tos
258 2048 476 2104 apostolos
500 2050 747 2100 Petrum‚et
765 2051 963 2100 Paulum,

168 2119 321 2150 omnes
342 2105 524 2158 sanctos,
543 2113 590 2153 et
614 2114 659 2151 te
687 2115 813 2163 pater
840 2122 964 2152 orare

108 2197 112 2201 .
170 2177 248 2219 pro
262 2177 332 2209 me
344 2165 575 2209 domInum
594 2165 741 2210 Deum
759 2166 964 2210 nostrum.

450 2273 490 2317 A
499 2272 682 2328 bfhlutio.

179 2349 500 2435 Mlsereatur
558 2353 622 2397 tui
682 2354 966 2409 omnipotens

315 2409 449 2461 Deus,
480 2416 525 2454 et
559 2411 738 2454 dimissis
774 2414 966 2467 peccatis

170 2465 255 2509 tuis
281 2467 494 2521 perducat
522 2474 566 2510 te
593 2470 648 2513 ad
675 2470 811 2513 vitam
841 2477 967 2513 aeter-

170 2535 283 2567 nam.
344 2524 398 2566 R.
439 2524 599 2568 Amen.

179 2617 181 2619 .
239 2579 284 2624 V.
347 2582 674 2637 Indulgentiam
732 2585 967 2629 absolutio-

172 2650 285 2689 nem,
304 2645 348 2681 et
371 2641 656 2684 remissionem
683 2650 965 2697 peccatorum

172 2695 411 2741 nostrorum
434 2698 598 2742 tribuat
620 2701 747 2743 nobis
764 2703 966 2756 omnipo-

172 2758 281 2806 tens,
338 2761 384 2799 et
446 2756 684 2799 misericors
748 2759 964 2802 dominus.

171 2809 228 2852 R.
285 2810 445 2855 Amen.
522 2814 741 2858 Proedz'cza
779 2818 967 2872 confiffio

171 2881 266 2910 cum
300 2869 562 2923 alzlhluttbnc,
594 2873 800 2926 proeclz'c‘lo
835 2876 966 2925 modo,

172 2925 334 2969 dicitur
375 2927 438 2971 ad
482 2931 746 2974 matutinum
795 2939 965 2976 tantum

269 3026 279 3049 ¹
305 3027 493 3065 dominica
512 3042 518 3065 :
545 3030 589 3067 R.
611 3031 647 3068 P.
668 3032 711 3068 Α.

902 3034 916 3056 ²
941 3041 1009 3071 etc.
1030 3035 1113 3070 add.
1136 3037 1177 3071 R.
1201 3037 1238 3072 P.
1258 3038 1302 3072 Α.

1784 221 1835 263 19

1022 855 1215 909 singulis
1237 855 1383 898 dicbus
1414 856 1543 900 totius
1572 857 1691 899 anni.
1752 856 1836 898 De-

1035 914 1141 956 inde.
1166 914 1323 968 vctssts.

1045 1004 1295 1086 DOmine
1343 1004 1461 1047 labia
1509 1018 1608 1047 mea
1655 1005 1835 1060 aperies.

1147 1063 1201 1104 R.
1242 1063 1300 1104 Et
1321 1077 1372 1104 os
1390 1077 1536 1105 meum
1555 1064 1838 1106 annuntiabit

1034 1120 1211 1163 laudem
1243 1126 1378 1163 tuam.
1435 1122 1501 1163 Et
1517 1121 1591 1163 ltoc
1608 1122 1750 1163 dicens
1771 1121 1837 1163 in-

1034 1178 1160 1220 terim
1182 1179 1328 1221 munit
1339 1178 1390 1232 se
1404 1179 1533 1234 figtw
1551 1180 1699 1230 crucis,
1718 1186 1760 1221 et
1772 1179 1838 1233 si-

1035 1236 1201 1278 militer
1229 1237 1274 1278 in
1304 1237 1409 1291 alijs
1437 1237 1569 1287 lcoris,
1594 1251 1691 1279 cum
1721 1238 1836 1281 dicit.

1035 1295 1159 1336 Deus
1181 1295 1224 1336 in
1247 1295 1515 1338 adiutorium
1539 1296 1615 1338 &a
1636 1294 1697 1338 et³
1718 1296 1837 1340 Con-

1035 1359 1158 1394 ucrte
1190 1366 1271 1394 nos
1302 1353 1376 1395 &a
1450 1353 1496 1396 V.
1540 1354 1664 1396 Deus
1692 1354 1736 1396 in
1758 1354 1836 1396 ad-

1034 1411 1240 1452 iutorium
1265 1425 1412 1452 meum
1433 1412 1624 1454 intende.
1665 1412 1709 1453 R
1745 1412 1838 1454 Do-

1035 1469 1152 1510 mine
1174 1469 1230 1510 ad
1253 1469 1555 1511 adiuuandum
1579 1484 1650 1512 me
1672 1470 1836 1512 festina.

1036 1525 1188 1568 Gloria
1221 1527 1350 1581 patri,
1377 1534 1422 1570 et
1456 1527 1558 1577 filio,
1591 1534 1637 1571 et
1671 1528 1837 1583 spiritui

1035 1582 1194 1626 sancto
1258 1585 1383 1627 Sicut
1414 1591 1509 1627 erat
1540 1586 1584 1628 in
1608 1587 1838 1641 principiO‚

1033 1648 1078 1684 et
1110 1656 1238 1692 nunc,
1269 1649 1314 1684 et
1345 1643 1514 1698 semper
1543 1650 1588 1686 et
1618 1644 1660 1685 in
1695 1643 1838 1687 secula

1034 1700 1286 1742 seculorum.
1362 1701 1524 1743 Amen.
1601 1702 1838 1745 Halleluia.

1033 1758 1079 1799 E
1082 1765 1102 1800 t
1107 1758 1175 1812 fic
1193 1759 1365 1802 dicitur.
1404 1759 1640 1802 Halleluia.
1671 1761 1735 1802 ad
1749 1775 1838 1803 om-

1034 1830 1106 1858 nes
1120 1817 1250 1859 horas
1261 1823 1344 1870 per
1363 1823 1497 1859 totum
1519 1831 1698 1860 annum.
1724 1825 1838 1872 proe-

1034 1881 1229 1929 terqtcam
1251 1876 1278 1916 (ὲ
1306 1875 1522 1917 dominica
1550 1876 1596 1918 in
1614 1876 1838 1931 fhptuage-

1021 1933 1141 1986 sima
1163 1933 1289 1988 vsque
1308 1933 1372 1975 ad
1386 1933 1556 1988 pascha.
1615 1935 1698 1976 loco
1717 1935 1840 1977 cuius

1033 1991 1107 2032 illo
1128 1998 1309 2045 tempore
1329 1991 1456 2046 zgsque
1473 1992 1714 2046 adseriam
1731 2007 1772 2035 v.
1792 1994 1838 2035 in

1032 2062 1133 2090 cena
1171 2049 1342 2091 domini
1378 2049 1543 2092 dicitur
1589 2051 1709 2092 Laus
1757 2052 1838 2095 tibi

1033 2107 1214 2149 domine
1236 2121 1316 2148 rex
1338 2114 1503 2150 aeterne
1523 2107 1688 2162 gloriae.

1274 2196 1601 2241 Inuitatorium.

1044 2276 1291 2359 DOmine
1332 2277 1635 2331 praestolamur
1673 2278 1839 2322 aduen-

1155 2341 1249 2376 tum
1279 2341 1406 2377 tuum
1438 2349 1447 2378 :
1479 2341 1526 2378 vt
1558 2337 1647 2378 cito
1675 2339 1839 2386 venias,

1035 2398 1079 2434 et
1121 2392 1327 2434 diffoluas
1368 2393 1521 2448 iugum
1566 2395 1839 2449 captiuitatis

1037 2450 1202 2492 nostrae.

1093 2508 1138 2549 E
1142 2514 1160 2549 t
1190 2508 1353 2550 dicitur
1384 2508 1511 2564 vsque
1540 2510 1604 2551 ad
1634 2511 1838 2565 vigiliam

1038 2566 1289 2608 natiuitatis
1320 2566 1490 2609 domim·
1516 2569 1718 2622 exclzfiue
1748 2576 1838 2612 tam

1037 2624 1082 2665 in
1103 2624 1340 2674 dominicis,
1355 2639 1485 2679 quam
1509 2626 1554 2667 in
1565 2627 1702 2681 serijs
1722 2642 1738 2668 .·
1759 2628 1841 2682 nist

1035 2689 1200 2736 agatur
1217 2681 1268 2723 de
1287 2682 1431 2736 aliquo
1440 2683 1603 2737 fitnc‘lo.
1646 2685 1713 2726 Et
1733 2695 1842 2740 repc-

1037 2740 1149 2781 titur
1156 2739 1294 2793 semel
1310 2747 1481 2782 tautum
1504 2741 1549 2782 in
1560 2742 1656 2798 fine
1663 2743 1841 2798 st‘quen-

1036 2797 1094 2839 tis
1106 2797 1278 2853 psalmi.
1339 2798 1557 2852 Psalmus.

1128 2877 1261 2919 Enitc
1307 2878 1561 2920 exultemus
1607 2881 1791 2923 domino
1834 2898 1841 2922 :

1137 2935 1370 2979 iubilemus
1385 2937 1469 2980 deo
1484 2937 1659 2981 salutari
1675 2938 1819 2981 nostro
1835 2956 1842 2980 :

1487 3038 1500 3060 ³
1526 3045 1561 3074 et
1579 3051 1585 3074 ;
1612 3040 1713 3075 omit.
1733 3041 1779 3076 A.

1613 3120 1724 3151 2—2
