2066 3392
190 217 239 248 12
723 221 879 253 FERIA
914 220 969 253 .V.
1005 220 1077 252 AD
1108 220 1319 254 LAUDES.

187 312 264 340 cus
285 298 328 340 in
352 296 582 341 sanEtitate
600 313 608 340 :
625 298 841 347 terribilis,
857 303 992 352 atque

187 354 435 407 laudabilis,
456 356 622 398 faciens
644 355 894 398 mirabilia?

248 414 500 456 Extendisti
546 428 728 456 manum
770 421 906 462 tuam,
948 418 993 454 et

188 472 421 514 deuorauit
442 486 518 513 eos
535 479 651 514 terra
675 488 683 514 :
706 473 801 514 dux
818 471 930 512 fuisti
949 472 993 512 in

191 530 484 572 misericordia
523 536 602 572 tua
642 530 822 585 populo,
858 542 992 584 quem

190 588 420 630 redemisti.

249 647 309 688 Et
331 645 511 700 portasti
533 658 634 687 eum
665 645 708 686 in
736 644 995 686 fortitudine

190 701 995 746 tuaadhabitaculumsanfi'tumtuum.

251 761 560 803 Ascenderunt
605 761 770 815 populi,
812 767 857 802 et
898 760 996 800 irati

193 820 291 861 sunt
319 835 328 861 z
358 819 533 861 dolores
561 819 850 860 obtinuerunt
873 817 998 859 habi-

194 884 361 920 tatores
383 877 654 932 philisthijm.

251 936 379 977 Tunc
395 935 646 977 conturbati
664 934 762 976 sunt
778 933 999 988 principes

195 992 347 1036 edom¹
377 1009 386 1035 ε
414 992 613 1034 robustos
642 992 776 1033 moab
807 991 999 1033 obtinuit

192 1059 378 1102 trem0r;
400 1051 688 1106 obriguerunt
704 1063 859 1091 omnes
875 1049 1001 1091 habi-

194 1116 360 1152 tat-ores
381 1108 632 1150 chanaam².

256 1167 400 1209 Irruat
441 1167 568 1222 super
603 1180 680 1208 eos
716 1165 919 1215 formido,
955 1170 1000 1207 et

195 1239 336 1281 pauor
372 1240 381 1268 :
414 1225 459 1267 in
491 1225 800 1279 magnitudine
830 1222 996 1277 brachij

195 1284 272 1326 tui.

257 1341 389 1384 Fiant
425 1340 688 1389 immobiles,
720 1339 840 1394 quasi
876 1338 1001 1392 lapis,

196 1400 340 1442 donec
374 1399 646 1454 pertranseat
676 1398 868 1453 populus
898 1403 1001 1438 tuus

197 1458 389 1507 domine,
406 1459 550 1499 donec
570 1456 841 1511 pertranseat
862 1469 1004 1509 popu-

198 1516 266 1558 lus
288 1522 390 1557 tuus
412 1515 500 1565 iste,
523 1529 656 1569 quem
680 1513 909 1568 possedisti.

259 1574 520 1615 Introduces
542 1587 629 1622 eos,
646 1579 691 1614 et
712 1571 935 1626 plantabis
958 1570 1001 1611 in

199 1638 351 1674 monte
359 1631 631 1672 haereditatis
639 1636 727 1671 tuae
743 1646 751 1671 :
766 1629 1004 1670 firmissimo

198 1689 455 1731 habitaculo
476 1695 565 1739 tuo,
583 1689 702 1743 quod
725 1693 935 1743 operatus
956 1699 1004 1728 es

198 1748 390 1790 domine.

260 1804 572 1848 SanE'tuarium
628 1809 755 1846 tuum
811 1801 1004 1852 domine,

200 1864 321 1918 quod
353 1863 641 1904 firmauerunt
672 1875 829 1903 manus
865 1867 955 1902 tuae
994 1875 1003 1901 :

201 1922 409 1964 dominus
430 1921 633 1975 regnabit
654 1920 698 1961 in
720 1925 935 1960 aeternum
961 1923 1005 1958 et

200 1979 325 2022 vltra.

264 2037 483 2091 Ingressus
498 2036 559 2077 est
568 2036 685 2077 enim
695 2049 829 2089 eques
838 2034 1005 2089 pharao

203 2109 304 2137 cum
337 2095 546 2144 curribus,
577 2101 622 2135 et
653 2094 876 2148 equitibus
912 2094 1005 2134 eius

206 2154 250 2194 in
288 2167 410 2194 mare
444 2166 453 2194 z
485 2159 528 2194 et
560 2152 738 2193 reduxit
769 2165 901 2206 super
931 2164 1007 2192 eos

204 2212 413 2253 dominus
435 2224 573 2264 aquas
596 2210 739 2251 maris.

266 2269 363 2322 Filij
400 2275 550 2310 autem
593 2267 715 2309 israel
753 2266 1010 2308 ambulaue-

206 2333 308 2369 runt
330 2341 408 2381 per
429 2327 586 2367 ficcum
610 2327 653 2367 in
677 2326 824 2367 medio
846 2326 950 2367 eius.

290 2396 461 2438 Deinde
481 2394 761 2445 Benedictus,
771 2395 840 2448 fo.
868 2392 925 2448 5³.

258 2534 303 2579 ΙΙ
326 2531 410 2573 Ad
413 2531 626 2586 primam.
687 2529 895 2583 Psalmzcs
914 2530 964 2571 .8.

229 2624 324 2682 ''p“
345 2632 507 2674 Omine
577 2628 785 2670 dominus
857 2626 1011 2678 noster,

229 2698 238 2711 '
304 2709 323 2721 κ’
373 2702 506 2744 quam
541 2685 799 2729 admirabile
833 2685 894 2726 est
934 2699 1013 2726 no-

209 2764 312 2791 men
343 2754 470 2789 tuum
503 2746 545 2786 in
577 2743 776 2786 vniuersa
807 2749 922 2784 terra
938 2742 1007 2783 ?...

209 2821 343 2862 quam
359 2803 618 2847 admirabile
632 2802 692 2843 est
707 2814 869 2842 nomen
886 2807 1011 2842 tuum

211 2867 254 2907 in
276 2863 475 2907 vniuersa
495 2867 622 2902 terra.

283 2982 294 3003 ¹
322 2979 432 3015 Edon
457 2978 523 3013 :P.

282 3027 296 3049 ²
322 3027 505 3063 Chanaan
530 3037 537 3060 ι
558 3024 597 3058 Ρ.
613 3023 656 3057 A.

1311 307 1518 362 Psalmus
1537 306 1615 350 .26.

1145 382 1336 425 Ominus
1377 382 1641 423 illuminatio
1675 394 1785 429 mea,
1819 385 1863 422 et

1178 440 1291 481 salus
1342 446 1545 481 mea...et
1595 439 1866 480 confortetur

1062 511 1138 539 cor
1157 503 1295 548 tuum,
1317 503 1361 539 et
1383 498 1539 539 sustine
1561 497 1805 538 dominum.

1311 587 1520 641 Psalmus
1541 598 1576 629 .2
1582 597 1619 640 7.

1128 660 1170 701 D
1207 668 1252 703 te
1287 662 1467 703 domine
1507 661 1722 710 clamabo,
1758 661 1868 702 deus

1181 733 1304 761 meus
1326 733 1382 761 ne
1403 720 1523 761 sileas
1546 719 1572 760 a
1593 725 1769 760 me...et
1790 732 1868 760 ex-

1066 777 1175 819 tolle
1196 777 1296 819 illos
1316 777 1449 832 vsque
1471 778 1514 818 in
1536 784 1765 819 aeternum.

1290 846 1459 888 Deinde
1480 845 1656 890 Credo⁴.

1111 941 1156 987 {I
1179 938 1264 980 Ad
1280 940 1465 981 tertiam.
1523 940 1732 994 Psalmus
1752 950 1831 994 .91.

1090 1029 1094 1031 “
1112 1019 1183 1059 Ι
1205 1025 1356 1068 Onum
1379 1024 1439 1066 est
1460 1024 1659 1066 confiteri
1688 1024 1872 1066 domino

1237 1116 1246 1126 .
1257 1097 1379 1125 ..non
1402 1077 1468 1125 est*
1483 1083 1693 1137 iniquitas
1713 1083 1757 1123 in
1778 1095 1844 1125 eo.

1130 1104 1141 1107 ⁷⁷
1169 1103 1183 1113 ζ)

1249 1189 1255 1193 ·
1320 1174 1528 1228 Psalmus
1547 1185 1627 1228 .92.

1154 1249 1344 1292 Ominus
1400 1250 1613 1304 regnauit,
1667 1249 1872 1291 decorem

1172 1309 1354 1350 indutus
1390 1307 1557 1350 est...in
1593 1307 1872 1362 longitudine

1070 1366 1254 1409 dierum.

1305 1440 1514 1494 Pstzlmus
1532 1449 1641 1493 .107.

1078 1514 1348 1598 PAratum
1378 1529 1454 1557 cor
1481 1529 1629 1557 meum
1655 1515 1776 1564 deus,
1797 1529 1876 1570 pa-

1184 1580 1329 1615 ratum
1351 1587 1426 1615 cor
1442 1587 1605 1615 meum.
1617 1579 1696 1615 ..et
1712 1573 1801 1627 ipse
1817 1574 1873 1615 ad

1073 1630 1257 1673 nihilum
1273 1632 1464 1673 deducet
1477 1632 1679 1672 inimicos
1695 1631 1874 1674 nostros,

1122 1724 1166 1770 (Ι
1190 1721 1231 1763 A
1238 1722 1274 1763 d
1277 1721 1461 1775 sextam.
1520 1722 1728 1776 Psalmus
1747 1733 1826 1774 .49.

1094 1804 1184 1895 ᾖ.
1211 1807 1302 1849 Eus
1323 1808 1508 1849 deorum
1526 1807 1733 1850 dominus
1755 1807 1875 1849 locu-

1092 1867 1195 1906 -Ε
1237 1872 1308 1907 tus
1330 1865 1391 1907 est
1417 1881 1425 1907 :
1447 1872 1492 1907 et
1515 1866 1692 1907 vocauit
1712 1871 1874 1907 terram

1077 1939 1221 1980 ...quo
1242 1924 1470 1966 ostendam
1492 1923 1554 1964 illi
1576 1923 1762 1966 salutare
1782 1923 1865 1966 dei.

1323 2020 1532 2074 Psalmus
1551 2029 1630 2072 .74.

1156 2100 1456 2145 Onfitebimur
1485 2099 1566 2141 tibi
1597 2100 1718 2149 deus,
1739 2097 1878 2139 confi-

1194 2159 1388 2200 tebimur
1427 2173 1436 2199 :
1477 2164 1523 2199 et
1573 2157 1879 2198 inuocabimus

1076 2231 1240 2259 nomen
1280 2221 1513 2258 tuum...et
1557 2214 1879 2257 exaltabuntur

1077 2289 1243 2318 cornua
1263 2274 1370 2316 iusti.

1315 2365 1523 2419 Psalmus
1542 2377 1575 2406 ‚1
1585 2375 1651 2406 22.

1081 2445 1185 2529 AD
1207 2450 1251 2487 te
1273 2445 1419 2511 leuaui
1441 2443 1592 2486 oculos
1619 2456 1880 2508 meos...op-

1194 2504 1420 2558 probrlum
1462 2501 1805 2552 abundantlbus,
1836 2507 1881 2543 et

1079 2559 1301 2616 despe6³tio
1323 2560 1528 2615 superbis.

1133 2655 1178 2700 ([
1201 2651 1242 2693 A
1250 2652 1284 2693 d
1299 2665 1468 2694 nonam.
1528 2649 1734 2703 Pfizlmus
1753 2681 1761 2691 .
1767 2657 1834 2702 35.

1100 2733 1191 2827 S·
1218 2736 1310 2804 ixit
1347 2734 1528 2801 iniustus
1563 2739 1611 2775 vt
1651 2733 1882 2786 delinquat

1135 2799 1194 2828 ’Ἃ
1234 2809 1278 2837 1n
1300 2791 1755 2846 semetlpso...expuls1
1773 2791 1882 2841 sunt,

1081 2870 1161 2898 nec
1183 2858 1421 2910 potuerunt
1444 2850 1564 2892 stare.

1154 2971 1167 2992 ³
1191 2969 1277 3005 vide
1294 2979 1327 3014 p.
1349 2977 1379 3002 2.

1154 3017 1167 3040 4
1194 3017 1325 3058 Credo,
1344 3016 1409 3050 &c.
1431 3014 1474 3048 R.
1493 3013 1531 3048 Ρ.
1545 3013 1588 3047 A.
