2066 3392
870 196 923 228 JA
927 194 1033 228 NUA
1037 194 1167 228 RIUS.

185 276 307 319 nium
342 275 548 318 coenobia
582 274 859 329 excogitauit
897 287 907 316 z
943 278 988 315 et

185 335 316 376 ritum
353 334 476 375 illum
513 332 831 375 monachorum
872 332 986 373 anti-

184 405 321 446 quum
343 397 476 446 atque
497 391 724 446 agrestem,
742 390 799 432 ad
822 389 987 431 formu-

185 449 274 491 lam
297 449 497 504 religioni
520 449 772 503 propiorem
795 448 986 490 reduxit.

186 507 364 562 Scripfit
386 507 526 549 multa
547 505 816 556 santfflffime,
830 513 874 548 et
895 506 985 547 elo-

183 566 457 619 quentisfime
493 581 502 607 ε
538 579 671 606 nemo
707 565 826 606 enim
868 564 986 605 sacra

184 622 411 665 volumina
442 625 505 676 (vt
535 623 718 665 testatur
747 622 987 677 Gregorius

185 681 525 734 Nazianzenus,)
577 681 652 735 qui
701 681 838 722 vitam
894 680 986 722 eius

184 739 432 793 conscripsit
472 753 554 781 nec
601 739 879 793 eloquentius
921 751 986 787 eo,

185 810 266 838 nec
287 798 442 846 verius,
458 811 539 838 nec
560 796 734 839 vberius
755 796 986 838 enarrauit.

185 854 312 908 Obijt
333 862 482 896 autem
504 869 686 910 corpore
707 855 795 896 iam
818 867 896 909 per
911 854 987 895 ab-

186 911 436 954 stinentiam
458 913 718 967 consumpto
741 928 750 954 :
771 926 872 954 cum
895 912 989 953 offi-

186 970 269 1011 bus
309 984 361 1012 ac
402 970 517 1025 pelle
557 978 731 1012 tantum
778 969 989 1026 superstes

187 1028 292 1070 esset
313 1027 509 1070 calendis
533 1028 741 1082 Ianuarij.

185 1140 231 1187 (Ι
254 1137 479 1180 Antlzerus
489 1145 606 1238 &apta-
622 1144 803 1214 νζιανιζγν.
844 1138 990 1180 Lenia

521 1211 570 1238 er
588 1210 632 1238 za
654 1229 663 1239 .

185 1281 445 1364 ANtherus
459 1281 639 1323 natione
652 1294 821 1335 graecus
840 1280 988 1322 Maxi-

298 1340 420 1381 mino
468 1340 733 1394 imperatore
782 1338 987 1394 pontifex

185 1403 370 1447 creatus,
412 1396 560 1438 statuit
605 1397 785 1452 primuS,
826 1403 873 1438 vt
919 1410 987 1438 res

183 1455 317 1510 gestae
349 1461 593 1509 martyrum
624 1455 863 1509 diligenter
891 1469 988 1509 per-

184 1513 363 1567 quisstae,
384 1511 411 1554 a
432 1512 697 1567 notarijsque
718 1512 988 1566 conscriptae,

185 1571 229 1612 in
266 1570 430 1624 scrinijs
470 1570 658 1612 ecclefiae
699 1571 986 1612 reconderen-

184 1635 256 1670 tur
293 1642 302 1670 :
338 1635 518 1683 propter
558 1628 811 1670 Maximum
850 1642 988 1682 quen-

184 1687 302 1736 dam,
323 1687 398 1741 qui
421 1687 633 1740 martyrio
654 1692 889 1728 coronatus
911 1686 985 1729 est.

186 1744 302 1786 Item
323 1751 370 1786 vt
391 1745 618 1799 episcopus
635 1744 808 1786 omiss0²
824 1744 987 1799 episco-

185 1809 292 1857 patu
322 1803 378 1844 ad
408 1803 543 1844 alium
574 1803 832 1844 necessitatis
859 1803 986 1845 causa

185 1867 230 1902 et
251 1860 464 1909 Vtilitatis,
483 1874 570 1902 non
595 1860 734 1915 ipsius,
754 1860 824 1902 sed
848 1862 986 1902 credi-

185 1925 329 1960 tarum
361 1919 524 1968 ouium,
546 1919 798 1973 interposita
829 1919 985 1959 summi

184 1975 405 2030 pontificis
423 1977 690 2018 authoritate
708 1976 832 2030 possit
849 1977 986 2017 trans-

185 2033 298 2076 ferri.
375 2034 580 2075 Tandem
629 2034 824 2087 suscepto
873 2048 986 2075 mar-

185 2091 301 2145 tyrio
338 2091 380 2132 in
417 2091 672 2133 coemeterio
712 2092 877 2134 Callisti
914 2094 987 2134 via

184 2148 338 2203 Appia
367 2149 569 2203 sepelitur
593 2149 661 2203 .iij.
685 2163 824 2190 nonas
855 2149 986 2191 Ianu-

185 2206 278 2259 arij.
301 2220 400 2248 cum
424 2206 592 2248 sedisset
615 2220 755 2248 annos
771 2207 841 2261 ‚xj.
865 2221 986 2249 men-

186 2264 272 2306 sem
295 2277 431 2306 vnum
453 2264 548 2306 dies
569 2263 673 2318 ‚iiij⁸.

185 2364 230 2410 (Ι
254 2360 460 2403 Illartina
482 2361 609 2460 vjr‘zq
623 2367 801 2437 ufartyr.
841 2360 988 2404 Lemo

524 2433 572 2460 er
591 2433 634 2460 ta
658 2452 666 2461 .

194 2492 461 2576 MArtina
510 2493 635 2546 virgo
687 2507 870 2535 romana
927 2508 986 2535 ex

335 2550 468 2592 nobili
511 2557 555 2592 et
596 2551 774 2604 patritia
819 2551 986 2594 familia

184 2607 428 2650 christianae
469 2609 645 2662 pietatis
683 2610 861 2663 egregia
897 2610 986 2651 cul-

185 2666 287 2715 trix,
316 2673 360 2708 et
391 2666 449 2707 ab
481 2667 658 2709 ineunte
689 2674 823 2709 aetate
858 2667 986 2709 sacris

186 2723 320 2765 literis
361 2724 526 2774 dedita,
566 2731 611 2766 et
651 2725 835 2773 erudita,
877 2726 985 2767 dum

186 2781 375 2835 sequitur
395 2782 696 2836 euangelicam
723 2781 986 2834 doGtrinam,

232 2902 243 2927 ¹
270 2904 331 2940 die
348 2915 391 2949 .3.
411 2905 452 2940 in
470 2917 517 2941 m.

232 2950 246 2973 ²
270 2952 399 2987 omisso
422 2964 515 2987 zone.
539 2954 575 2987 Ρ.

232 2998 246 3020 ³
271 2998 351 3034 dics
369 2998 429 3045 xij.
455 3012 462 3035 :
482 3000 523 3035 R.
542 3001 581 3035 1¹.
597 3001 638 3036 A.

1783 195 1860 237 103

1054 272 1227 315 suarum
1309 274 1570 317 facultatum
1649 290 1859 330 magnam

1053 337 1227 385 partem
1293 334 1561 387 pauperibus
1631 334 1860 376 distribuit.

1055 388 1359 442 Quamobrem
1390 388 1506 432 faeta
1535 405 1609 432 rea
1642 392 1763 445 quod
1796 406 1862 433 re-

1052 445 1158 489 listo
1179 448 1365 489 deorum
1388 448 1509 490 cultu
1532 448 1709 490 seruiret
1731 463 1861 491 nouae

1053 505 1266 559 religioni,
1293 506 1350 547 ab
1378 506 1644 549 Alexandro
1674 507 1861 561 impera·
1885 514 1888 518 '

1052 568 1147 604 tore
1175 564 1378 618 Apollini
1408 564 1647 606 sacrificare
1675 565 1861 614 iubetur,

1053 621 1129 662 nifi
1159 622 1312 664 mallet
1341 622 1553 677 supplicia
1582 629 1862 677 mortemque

1053 678 1203 721 subire.
1247 680 1361 723 Cum
1380 681 1512 735 igitur
1530 681 1574 722 in
1592 680 1679 722 fide
1703 681 1860 723 Christi

1053 737 1274 790 perstaret,
1289 739 1479 793 equuleo
1494 739 1692 793 suspensa
1710 739 1860 780 ferreis

1053 795 1229 849 vngulis
1257 803 1477 838 exaratur.
1507 803 1552 838 et
1580 797 1643 855 sic¹
1665 798 1861 839 cruciata

1054 853 1097 894 in
1140 867 1358 896 carcerem
1402 855 1644 908 conijcitur,
1677 855 1706 897 fi
1747 855 1860 897 sorte

1053 910 1316 953 sententiam
1333 913 1635 963 mutaret,Sed
1652 913 1859 968 postridie

1054 969 1197 1010 rursus
1214 970 1299 1024 dijs
1317 971 1547 1013 immolare
1565 971 1683 1021 iussa,
1700 977 1745 1013 et
1763 986 1861 1026 per-

1054 1027 1158 1068 inde
1186 1035 1446 1082 contempto
1477 1029 1689 1084 principis
1721 1029 1859 1084 impio

1054 1085 1175 1134 iussu,
1215 1086 1438 1128 saeuiffime
1484 1094 1724 1142 torquetur,
1767 1101 1861 1128 ma-

1055 1143 1187 1185 millis
1209 1144 1322 1186 ferro
1349 1145 1538 1196 laniatis,
1561 1145 1786 1200 rursusque
1814 1146 1858 1187 in

1054 1214 1273 1243 carcerem
1292 1203 1540 1244 retruditur.
1586 1203 1742 1245 Paucis
1755 1217 1860 1245 vero

1054 1259 1210 1301 diebus
1239 1261 1488 1309 interiectis,
1512 1261 1742 1315 desperata
1764 1275 1861 1303 mu-

1053 1318 1224 1359 tatione
1281 1318 1521 1368 sententiae,
1571 1319 1614 1360 in
1672 1319 1860 1373 publicis

1054 1373 1313 1428 specstaculis
1327 1375 1501 1419 obieeta
1517 1377 1577 1419 est
1591 1377 1860 1419 immanibus

1052 1432 1211 1486 bestijs,
1252 1448 1438 1488 quarum
1481 1435 1603 1477 nulla
1641 1435 1858 1490 virginem

1054 1491 1221 1542 inuasit,
1252 1499 1329 1534 aut
1359 1506 1542 1547 quoquo
1574 1494 1709 1535 modo
1741 1493 1859 1536 laes1t.

1053 1549 1182 1590 Tunc
1195 1564 1298 1591 vero
1313 1551 1419 1592 iussu
1435 1551 1713 1605 imperatoris
1730 1557 1861 1593 extra

1052 1608 1206 1649 vrbem
1248 1607 1421 1660 edu&a‚
1455 1615 1499 1651 et
1541 1610 1586 1650 in
1627 1609 1860 1652 christiana

1053 1665 1316 1707 confessione
1356 1672 1401 1708 et
1445 1668 1614 1721 pietate
1661 1667 1859 1710 constan-

1053 1723 1208 1765 tissime
1230 1725 1512 1778 perseuerans
1534 1724 1680 1779 capite
1705 1724 1861 1781 pleffi-

1053 1786 1126 1822 tur
1175 1782 1371 1824 calendis
1425 1783 1630 1837 Ianuarij.
1723 1783 1860 1826 Cuius

1053 1853 1213 1893 corpus
1255 1840 1487 1894 sepulturae
1534 1841 1691 1883 datum
1732 1841 1794 1884 est
1834 1840 1861 1883 ἐι

1054 1895 1204 1939 sancto
1226 1899 1376 1940 calisto
1398 1913 1526 1954 papa.

1121 2016 1166 2062 {I
1199 2014 1467 2068 Telesphorus
1478 2022 1597 2069 papa
1618 2022 1795 2069 martyr.

1301 2073 1443 2114 Leflio
1463 2074 1591 2114 tertia
1598 2072 1622 2116 ⁵.

1054 2149 1404 2233 TElesphorus
1455 2153 1636 2193 natione
1689 2166 1860 2207 graecus

1166 2207 1399 2250 Antonino
1443 2210 1708 2264 imperatore
1750 2224 1859 2264 pon·

1053 2265 1165 2307 tifex
1181 2263 1333 2315 sac'tus,
1348 2267 1582 2316 constituit,
1593 2274 1639 2309 vt
1654 2269 1859 2322 proxime

1054 2329 1159 2364 ante
1184 2323 1344 2377 pascha
1373 2325 1583 2366 ieiunium
1612 2326 1859 2380 quadrage-

1054 2380 1171 2422 slmae
1193 2381 1495 2423 obseruaretur
1519 2397 1528 2424 :
1550 2389 1686 2437 vtque
1712 2384 1755 2425 in
1783 2398 1860 2426 na-

1055 2438 1132 2479 tali
1171 2439 1325 2481 Christi
1364 2446 1452 2481 tres
1490 2440 1624 2482 missa:
1666 2441 1859 2484 celebra-

1056 2503 1216 2538 rentur.
1309 2497 1466 2546 Prima,
1519 2500 1666 2540 media
1717 2498 1860 2550 ηοξὶε,

1054 2567 1154 2595 curn
1187 2554 1368 2596 christus
1400 2556 1461 2597 est
1493 2563 1623 2598 natus
1653 2557 1696 2598 in
1727 2557 1860 2599 Beth-

1054 2611 1212 2655 lehem.
1308 2614 1527 2666 Secunda,
1587 2615 1631 2655 in
1691 2629 1860 2666 aurora,

1054 2671 1235 2724 quando
1252 2669 1277 2712 a
1294 2671 1538 2725 pastoribus
1561 2672 1621 2714 est
1643 2674 1859 2728 cognitus,

1056 2727 1288 2778 Postrema,
1316 2730 1431 2771 circa
1460 2744 1558 2771 eam
1587 2730 1741 2773 horam
1771 2745 1860 2785 qua

1054 2785 1374 2841 redemptionis
1431 2788 1640 2830 humanae
1702 2789 1860 2844 myste-

1101 2910 1113 2932 ⁴
1140 2910 1200 2947 die
1217 2922 1261 2956 ,4.
1281 2913 1321 2947 in
1341 2925 1386 2947 m.

1101 2958 1115 2979 ⁶
1141 2959 1200 2994 die
1220 2968 1248 3004 5.
1270 2959 1309 2994 in
1329 2972 1375 2995 m.
