2066 3392
709 213 965 254 COMMVNE
994 212 1052 244 SA
1057 212 1098 243 N
1098 212 1126 244 C
1132 212 1165 243 T
1163 211 1226 244 OR
1234 212 1314 244 VM.

1774 201 1848 253 185

230 289 283 330 In
316 289 385 331 his
415 295 602 343 paterna
632 288 784 342 gloria,
819 289 870 330 In
903 288 971 330 his
1041 293 1253 328 canentes
1283 288 1487 342 martyris
1511 287 1709 330 Absolue
1731 303 1850 331 nexu

169 346 376 388 voluntas
399 346 602 402 Spiritus,
625 347 816 388 Exultat
838 347 881 388 in
903 346 972 387 his

170 403 298 454 filius,
322 404 497 446 Coelum
525 405 719 459 repletur
738 405 914 459 gaudio.

228 462 295 504 Te
309 476 424 504 nunc
443 463 699 516 redemptor
711 462 974 517 quaesumus,

170 520 235 562 Vt
287 520 478 574 ipsorum
530 520 749 562 consortio
807 520 974 574 Iungas

171 584 401 631 precantes
424 578 616 619 seruulos
640 578 693 620 In
711 577 976 632 sempiterna

172 635 324 676 secula.
386 635 548 678 Amen.

170 746 214 792 (I
253 743 484 787 Commune
499 744 630 785 vnz'us
644 744 862 797 martyris.
900 743 983 785 Ad

268 803 536 844 matutinum
557 802 880 844 inuz'tatorz‘um.

230 875 403 931 Regem
447 882 692 931 martyrum
745 877 977 918 dominum

169 934 317 976 venite
338 935 588 977 adoremus.

468 1025 686 1078 Hymnus.

183 1097 276 1181 M
290 1097 432 1154 Artyr
447 1099 531 1148 dei,
545 1099 620 1153 qui
637 1099 815 1140 vnicum
835 1099 979 1141 Patris

319 1156 542 1210 sequendo
567 1157 707 1198 filium
730 1156 873 1199 Viffis
905 1159 980 1199 tri-

174 1214 365 1269 umphas
406 1215 614 1265 hostibus,
644 1213 801 1257 vietor
831 1215 979 1257 fruens

176 1272 438 1314 coelestibus.

238 1331 323 1372 Tui
345 1337 550 1385 precatus
572 1345 752 1372 munere
770 1331 978 1373 Nostrum

175 1394 345 1430 reatum
377 1388 510 1438 dilue,
535 1389 707 1430 Arcens
739 1388 843 1430 mali
875 1403 979 1431 con-

175 1447 359 1500 tagium,
380 1447 500 1488 Vitae
522 1461 755 1488 remouens
777 1448 958 1488 tedium.

235 1504 393 1546 Soluta
430 1504 527 1546 sunt
569 1505 656 1546 iam
699 1505 874 1546 vincula
914 1505 978 1546 tui

176 1562 328 1604 sacrati
406 1563 614 1616 corporis,
686 1563 781 1604 Nos
862 1563 979 1604 solue

175 1620 327 1662 vinclis
350 1620 479 1662 seculi
502 1620 673 1662 Amore
697 1620 772 1675 filij
797 1620 882 1663 dei.

234 1677 333 1720 Deo
354 1679 469 1733 patri
491 1678 540 1720 s1t
561 1677 733 1732 gloria¹.

498 1769 662 1812 Oratio.

182 1843 408 1927 PRaesta
428 1844 679 1898 quaesumus
696 1845 980 1899 omnipotens

288 1902 410 1952 deus,
436 1909 485 1944 vt
516 1902 816 1944 intercedente
847 1903 980 1945 beato

177 1959 248 2002 .N.
280 1966 475 2014 martyre
505 1967 584 2001 tuo
626 1959 653 2001 a
693 1959 863 2002 cunffis
903 1961 980 2002 ad-

177 2017 451 2059 uerfitatibus
475 2017 710 2059 liberemur
727 2019 769 2059 in
784 2032 980 2073 corpore,

177 2081 222 2117 et
252 2089 279 2117 a
310 2076 458 2130 prauis
486 2076 832 2130 cogitationibus
855 2090 981 2118 mun-

176 2133 334 2175 demur
355 2133 397 2174 in
422 2139 580 2175 mente.
603 2147 690 2188 per.

193 2242 238 2289 {I
276 2239 312 2282 S
315 2239 333 2281 i
340 2239 489 2294 fuerit
507 2246 689 2294 martyr,
710 2246 752 2281 et
760 2240 970 2295 pontt-‘fem

501 2330 664 2373 Oratio.

190 2403 536 2486 INfirmitatem
583 2403 774 2446 nostram
822 2404 984 2458 respice

263 2463 546 2516 omnipotens
601 2462 723 2510 deus,
775 2470 819 2505 et
880 2463 984 2516 quia

182 2520 358 2574 pondus
381 2521 568 2574 propriae
595 2518 782 2562 actionis
813 2526 985 2575 grauat,

181 2578 300 2619 beati
352 2577 420 2620 .N.
472 2579 677 2631 martyris
728 2579 805 2628 tui,
850 2584 983 2632 atque

182 2634 403 2690 pontificis
434 2635 672 2677 intercessio
693 2636 880 2690 gloriosa
903 2650 985 2678 nos

183 2700 389 2748 protegat
411 2707 420 2735 ε
443 2707 529 2747 per.

312 2783 393 2824 Ad
419 2783 612 2837 vesperas
642 2783 857 2838 Hymnus.

277 2858 369 2900 Eus
391 2865 569 2900 tuorum
593 2858 782 2900 militum
807 2859 924 2909 Sors,
942 2866 985 2901 et

307 2915 484 2959 Corona
520 2917 773 2971 :premium
810 2917 986 2959 Laudes

1043 345 1252 386 criminis.

1105 402 1193 443 Hic
1222 415 1384 457 nempe
1412 403 1567 445 mundi
1590 403 1768 458 gaudia,
1790 404 1852 446 Et

1044 459 1351 502 blandimenta
1383 461 1532 511 noxia,
1555 461 1739 503 Caduca
1768 462 1851 504 rite

1045 518 1278 571 deputans,
1304 519 1510 560 Peruenit
1531 518 1588 560 ad
1611 519 1814 561 coelestia.

1107 576 1268 617 Poenas
1319 577 1510 618 cucurrit
1559 577 1740 627 fortiter,
1792 577 1852 618 Et

1047 633 1214 675 sustulit
1254 634 1447 686 viriliter,
1489 635 1573 676 Pro
1617 641 1663 676 te
1713 634 1852 676 effun-

1046 692 1157 733 dens
1191 691 1448 746 sanguinem
1490 692 1692 734 Aeterna
1732 694 1852 735 dona

1047 750 1241 804 possidet.

1108 807 1182 850 Ob
1225 807 1311 849 hoc
1351 813 1532 862 precatu
1570 808 1752 865 supplici
1786 809 1854 851 Te

1049 865 1267 919 poscimus
1307 865 1491 920 pijsfime
1540 866 1592 907 In
1644 866 1727 908 hoc
1778 867 1854 908 tri-

1049 923 1218 977 umpho
1241 925 1447 978 martyris
1471 924 1662 966 Dimitte
1684 938 1852 966 noxam

1051 981 1242 1024 seruulis.

1110 1039 1240 1088 Laus,
1265 1045 1309 1080 et
1340 1040 1547 1093 perennis
1579 1040 1720 1094 gloria
1753 1040 1852 1081 Deo

1049 1097 1178 1151 patri,
1222 1103 1267 1138 et
1317 1096 1408 1138 filio
1460 1113 1469 1139 ε
1521 1096 1688 1140 Sancto
1730 1097 1854 1139 simul

1050 1154 1274 1209 paracleto
1312 1155 1364 1196 In
1403 1155 1668 1210 sempiterna
1700 1155 1853 1197 secula.

1049 1213 1211 1254 Amen.

1050 1373 1095 1419 ΙΙ
1134 1370 1365 1414 Commune
1400 1372 1696 1426 plurimorum
1738 1387 1855 1415 mar—

1107 1435 1262 1481 tyrum.
1322 1429 1362 1470 A
1370 1429 1405 1470 d
1441 1431 1719 1473 matutinum.
1778 1431 1854 1473 In-

1320 1488 1589 1530 uz'tatorium.

1109 1578 1280 1632 Regem
1333 1584 1579 1634 martyrum
1621 1581 1852 1623 dominum

1048 1636 1197 1678 venite
1218 1637 1466 1680 adoremus.

1344 1787 1561 1841 Hymnus.

1050 1875 1283 1961 AEterna
1337 1877 1492 1920 Christi
1546 1894 1739 1930 munera,
1793 1882 1853 1923 Et

1158 1942 1402 1989 martyrum
1433 1935 1638 1978 vitftorias
1672 1937 1851 1981 Laudes

1050 1999 1259 2034 canentes
1281 1994 1454 2035 debitas
1479 1995 1617 2036 Laetis
1641 2009 1852 2039 canamus

1051 2051 1288 2093 mentibus.

1110 2108 1296 2150 Terrore
1317 2106 1433 2151 visto
1455 2109 1595 2161 seculi,
1620 2111 1852 2166 Poenisque

1053 2165 1205 2219 spretis
1255 2167 1460 2220 corporis,
1513 2168 1670 2210 Mortis
1723 2170 1852 2212 sacrae

1052 2224 1320 2278 compendio
1342 2224 1492 2266 Vitam
1522 2225 1700 2268 beatam
1726 2229 1853 2282 possi—

1053 2282 1173 2323 dent.

1112 2339 1369 2381 Traduntur
1409 2341 1498 2394 igni
1532 2349 1758 2396 martyres,
1794 2343 1852 2385 Et

1053 2396 1287 2438 bestiarum
1306 2398 1512 2439 dentibus
1527 2398 1717 2442 Armata
1732 2401 1853 2444 saeuit

1054 2455 1230 2508 vngulis
1253 2454 1451 2497 Tortoris
1475 2457 1610 2498 insani
1634 2472 1802 2501 manus.

1113 2513 1294 2554 Nudata
1327 2515 1522 2567 pendent
1548 2515 1720 2567 viscera,
1743 2517 1852 2559 San-

1053 2571 1151 2625 guis
1184 2570 1373 2612 sacratus
1406 2571 1614 2622 funditur,
1636 2574 1725 2615 Sed
1758 2589 1853 2629 per-

1055 2635 1235 2670 manent
1268 2629 1517 2671 immobiles
1548 2630 1666 2673 Vitae
1698 2646 1851 2686 peren—

1054 2687 1120 2727 nis
1143 2687 1295 2739 gratia.

1112 2743 1178 2784 Te
1194 2758 1308 2785 nunc
1324 2746 1577 2799 redemptor
1592 2747 1852 2800 quaesumus,

1055 2802 1116 2843 Vt
1153 2810 1396 2856 martyrum
1433 2803 1651 2846 consortio
1689 2806 1853 2861 Iungas

1055 2867 1285 2914 precantes
1322 2860 1513 2902 seruulos
1546 2862 1597 2903 In
1631 2862 1852 2918 sempiter-

1057 2931 1113 2958 na
1136 2916 1287 2958 secula.
1350 2917 1513 2961 Amen.

620 3023 629 3044 ¹
656 3022 798 3068 gloria:
818 3034 885 3057 om.
909 3024 1002 3058 RA.
1046 3030 1132 3059 etc.;
1151 3024 1234 3059 add.
1257 3025 1299 3059 R.
1322 3025 1359 3060 P.
1377 3025 1418 3059 A.
