2066 3392
279 209 359 240 110

278 292 330 333 In
357 292 527 334 vnitate
557 291 626 333 cui
660 297 812 333 manet
841 290 1079 345 imperium

960 212 1012 244 JA
1016 211 1059 243 N
1060 210 1122 244 UA
1127 210 1186 242 Rl
1188 210 1247 242 US
1248 233 1255 240 .

1144 286 1263 330 ἷᾶξὶο
1296 302 1410 343 opus
1443 289 1558 331 esset.
1627 289 1820 332 Stabant
1853 289 1948 330 eius

279 351 353 391 Ex
395 356 513 399 tunc,
555 356 599 391 et
633 350 770 391 modo
805 363 884 403 per
913 355 1079 390 aeterna
1139 347 1326 387 comites
1376 347 1590 388 miraculo
1639 348 1700 389 rei
1750 347 1944 394 attoniti,

277 408 430 451 secula.
490 408 654 450 Amen.

598 481 761 524 Oratio.

283 551 475 635 DEus,
496 552 571 605 qui
592 551 838 593 vniuersum
861 550 1076 591 mundum

398 610 516 651 beati
551 609 674 651 Pauli
706 608 890 663 apostoli
919 609 1078 662 praedi-

277 667 451 709 catione
478 667 661 709 docuisti
684 682 692 708 ε
720 668 779 708 da
805 667 934 707 nobis
956 680 1077 720 quae-

277 726 423 767 sumus
456 741 464 766 :
494 732 552 775 vt,
579 726 655 778 qui
686 725 778 765 eius
810 724 942 765 hodie
973 738 1078 765 con-

277 784 518 825 uerfionem
546 783 732 824 colimus
760 799 767 824 :
793 796 871 836 per
897 782 990 823 eius
1019 782 1075 823 ad

275 849 321 883 te
343 841 552 894 exempla
573 841 830 894 gradiamur
851 855 859 881 :
881 854 969 894 per.

314 917 396 958 Ad
413 916 677 958 matutinum
702 914 1005 956 innz‘tatom‘mn
1014 913 1036 956 ¹.

335 986 592 1028 Laudemus
625 986 758 1027 deum
796 985 989 1026 nostrum
1032 985 1075 1025 in

275 1045 557 1087 conuerssone
588 1042 782 1085 do&oris
814 1044 1026 1097 gentium.

564 1119 782 1172 Hymnus.

354 1185 526 1229 1)οᾶοΥ
546 1186 732 1240 egregie.
757 1191 806 1226 vt
813 1185 965 1239 supra.

525 1265 671 1307 Ledio
693 1266 829 1307 tertia.

280 1334 517 1420 PAulus,
538 1334 612 1388 qui
634 1340 766 1375 antea
789 1333 962 1384 Saulus,
987 1333 1079 1376 Gis-

388 1394 494 1435 calis
535 1393 703 1446 oppido
747 1393 913 1433 Iudaeae
954 1399 1077 1433 ortus

277 1451 510 1492 Beniamin
525 1465 551 1491 a
565 1451 694 1501 tribu,
711 1451 854 1503 patria
868 1449 893 1490 a
910 1450 1075 1491 Roma-

275 1510 343 1550 nis
371 1509 489 1550 bello
514 1515 657 1562 capta,
685 1522 786 1549 cum
817 1508 1075 1562 parentibus

274 1567 472 1616 Tarsum,
494 1580 593 1621 quae
622 1566 788 1608 Ciliciae
815 1566 887 1615 est,
915 1566 1075 1619 migra-

276 1626 351 1667 uit.
414 1626 528 1666 Mox
572 1624 851 1677 Ierosolymis
902 1623 1076 1677 operas²

275 1683 400 1725 dedit
442 1682 678 1724 Gamalieli
719 1681 920 1722 mosaicae
962 1682 1073 1735 legis

275 1741 541 1795 peritisfimo.
605 1739 821 1793 Stephani
859 1741 1072 1792 martyrio

275 1799 483 1848 interfuit,
536 1798 813 1852 acceptisque
858 1796 883 1838 a
928 1798 1071 1838 Iudae-

275 1871 402 1899 orum
449 1856 658 1911 pontifice
704 1856 853 1906 literis,
898 1861 946 1896 vt
997 1870 1072 1896 eos

274 1915 397 1957 velut
448 1915 608 1968 impios
657 1912 952 1962 insectaretur,
997 1915 1072 1967 qui

276 1973 495 2016 Christum
527 1986 793 2013 nazarenum
826 1972 897 2012 dei
934 1970 1072 2013 filium

274 2032 507 2073 assererent
548 2046 556 2072 :
597 2044 734 2084 quum
787 2028 1075 2070 Damascum³

275 2096 492 2144 pergeret,
534 2089 676 2129 subita
716 2088 795 2128 lux
837 2088 979 2128 obiter
1028 2088 1072 2129 in

276 2149 463 2202 speciem
490 2147 675 2200 fulguris
701 2159 802 2187 eum
825 2147 1072 2199 occupauit,

275 2207 333 2247 ad
365 2212 617 2258 terramque
657 2218 822 2258 pauore
861 2202 1071 2253 deieehis,

275 2278 430 2306 vocem
453 2263 624 2304 audiuit
645 2262 766 2304 velut
788 2263 1072 2316 increpantis,

278 2322 424 2372 Saule,
448 2321 595 2371 Saule,
618 2320 724 2374 quid
753 2334 824 2361 me
846 2320 1074 2374 perseque-

275 2380 363 2421 ris?
426 2379 507 2421 Ille
531 2385 719 2432 torpore.
741 2384 786 2419 et
816 2383 936 2419 metu
959 2378 1073 2432 pres-

274 2438 357 2488 sus,
381 2436 492 2491 Quis
518 2436 695 2490 (inquit)
721 2436 798 2477 es?
858 2436 948 2477 Vbi
970 2450 1074 2476 vero

277 2495 421 2537 Iesum
463 2495 547 2536 esse
588 2507 854 2535 nazarenum
892 2494 1074 2543 audiuit,

275 2554 399 2594 cuius
440 2553 530 2607 ipse
571 2565 735 2593 nomen
777 2549 1072 2602 infestaretur,

275 2611 416 2652 subita
457 2611 668 2663 religione
708 2607 853 2650 tac‘tus
893 2623 1074 2650 venera—

275 2669 452 2710 bundus
483 2668 624 2722 petijt,
657 2667 763 2721 quid
806 2666 997 2708 iuberet4
1033 2667 1074 2708 se

274 2726 427 2767 facere.
490 2727 697 2779 Pergeret
727 2739 858 2779 porro
899 2725 960 2766 ire
994 2725 1076 2766 res-

276 2784 461 2838 ponsum
493 2783 565 2825 est.
597 2785 701 2831 fore,
734 2789 782 2824 vt
813 2797 951 2837 quum
983 2782 1075 2823 Da-

277 2841 470 2883 mascum
483 2842 675 2890 venisset,
692 2841 750 2882 ibi
769 2841 954 2889 audiret,
968 2841 1073 2895 quid

320 2926 332 2949 ¹
359 2926 420 2961 die
437 2933 503 2970 .25.
523 2926 564 2960 in
583 2936 629 2959 m.

319 2973 333 2995 2
359 2984 511 3018 operam
533 2985 539 3007 :
562 2973 603 3007 R.
620 2974 657 3007 P.
673 2973 717 3007 A.

318 3020 332 3041 ³
360 3020 572 3054 Damiscam
598 3020 665 3054 :A.

1141 410 1352 446 caeterum
1384 404 1571 447 Saulum
1599 405 1640 447 se
1669 418 1787 459 aegre
1812 404 1944 447 attol-

1145 461 1311 503 lentem
1338 476 1417 516 per
1443 476 1600 504 manus
1628 463 1671 504 in
1694 463 1847 504 vrbem
1869 463 1944 504 de-

1144 520 1323 562 ducunt.
1385 521 1488 562 Fuit
1519 521 1592 562 ille
1622 521 1820 562 triduum
1853 521 1946 562 Da-

1146 577 1276 618 masci
1305 576 1413 618 nihil
1438 578 1604 620 videns.
1666 578 1869 620 Occurrit
1895 578 1946 619 il-

1143 635 1212 676 luc
1228 635 1429 676 Ananias
1442 636 1606 677 coelesti
1621 635 1799 677 oraculo
1813 635 1945 677 iussus

1144 693 1200 733 ad
1243 706 1344 734 eum
1387 693 1460 735 ire.
1522 693 1635 748 (erat
1671 694 1707 735 is
1741 707 1855 736 vnus
1885 707 1945 735 ex

1145 750 1303 792 Christi
1325 751 1563 804 discipulis)
1584 751 1639 792 ad
1658 751 1782 793 cuius
1803 751 1947 793 acces-

1144 808 1237 849 sum
1252 808 1479 850 confestim
1497 808 1577 850 lux
1595 809 1732 852 Saulo
1748 809 1946 851 restituta

1142 866 1214 908 est.
1275 864 1532 920 Doausque
1564 867 1621 908 ab
1651 867 1740 916 illo,
1765 867 1886 921 quod
1918 866 1946 909 a

1143 924 1243 965 Deo
1264 924 1435 977 optimo
1457 926 1658 967 maximo
1679 922 1818 966 lec‘tus
1839 925 1945 967 effet

1143 982 1198 1023 ad
1215 981 1496 1024 christianum
1514 983 1680 1036 dogma
1693 996 1943 1038 propagan-

1142 1039 1262 1089 dum,
1291 1041 1444 1094 paucis
1469 1040 1637 1091 diebus,
1665 1040 1826 1095 quibus
1851 1040 1943 1082 Da-

1144 1098 1275 1138 masci
1297 1098 1379 1139 suit
1400 1111 1500 1140 cum
1522 1099 1745 1152 discipulis
1768 1098 1945 1140 humili-

1142 1161 1210 1197 ter
1223 1153 1428 1203 versatus,
1445 1155 1752 1211 Christumque
1766 1170 1944 1198 nazare-

1144 1227 1250 1254 num
1277 1214 1347 1255 dei
1375 1214 1513 1255 filium
1540 1214 1721 1256 asserere
1751 1214 1944 1264 exorsus,

1144 1271 1371 1313 confestim
1408 1272 1452 1312 in
1489 1272 1530 1313 se
1560 1273 1759 1314 omnium
1791 1271 1943 1314 oculos

1142 1330 1285 1371 vertit.
1357 1330 1510 1370 Mirari
1552 1330 1739 1371 subitam
1781 1330 1825 1371 in
1866 1330 1944 1371 ho-

1144 1388 1263 1428 mine
1284 1388 1577 1429 mutationem
1601 1389 1752 1429 Iudaei.
1796 1387 1942 1429 mirari

1142 1446 1232 1486 vim
1274 1446 1463 1495 dicendi,
1496 1446 1942 1500 extemporalemque

1142 1502 1412 1544 facultatem.
1447 1518 1527 1544 nec
1541 1510 1634 1545 erat
1648 1505 1691 1544 in
1707 1504 1943 1558 synagoga,

1142 1561 1216 1614 qui
1249 1561 1489 1615 disputanti
1521 1561 1582 1602 illi
1616 1562 1836 1610 refisteret,
1871 1575 1941 1602 ac-

1140 1625 1318 1672 ceperat
1354 1620 1471 1660 enim
1504 1619 1700 1673 spiritum
1733 1617 1942 1660 san6’tum.

1142 1677 1255 1717 Mox
1288 1677 1507 1718 Damasco
1536 1675 1770 1731 proseftus,
1798 1676 1940 1718 christi

1140 1748 1301 1775 nomen
1344 1734 1476 1788 longe
1517 1734 1695 1789 lateque
1743 1735 1942 1789 predica-

1138 1793 1259 1834 tione
1280 1793 1559 1847 propagauit.

1157 1903 1202 1949 CI
1226 1900 1483 1953 policarpus
1501 1899 1708 1954 episcopus
1729 1905 1910 1952 martyr.

1390 1958 1534 1999 Lec‘Zio
1555 1956 1710 2000 tertz'a⁶.

1147 2031 1472 2115 polycarpus
1524 2032 1705 2073 Ioannis
1756 2030 1940 2085 apostoli

1252 2090 1501 2144 discipulus,
1517 2096 1560 2131 et
1582 2090 1638 2131 ab
1660 2103 1712 2131 eo
1735 2089 1940 2143 Smyrnae

1140 2147 1367 2202 episcopus
1412 2146 1659 2202 praefetfftus,
1699 2147 1942 2202 probatissi-

1141 2207 1225 2247 mis
1246 2206 1330 2248 fuit
1351 2206 1559 2255 moribus,
1581 2212 1626 2246 et
1647 2205 1815 2259 ingenti
1837 2205 1941 2246 doc-

1141 2265 1270 2315 trina,
1305 2265 1428 2305 cuius
1465 2263 1693 2317 magistros
1723 2263 1940 2304 habuerat

1141 2322 1378 2363 nonnullos
1437 2321 1748 2375 apostolorum.
1850 2320 1939 2361 Hic

1140 2387 1321 2434 propter
1345 2380 1556 2434 quasdam
1589 2379 1645 2420 de
1669 2379 1741 2420 die
1768 2378 1939 2432 paschae

1141 2438 1448 2479 contentiones
1471 2438 1663 2479 Romam
1685 2438 1808 2478 venit
1828 2442 1940 2477 tem-

1141 2509 1247 2549 pore
1269 2495 1448 2536 Aniceti
1471 2508 1613 2549 papae,
1634 2494 1707 2535 vbi
1730 2492 1893 2535 multos
1914 2492 1940 2535 ὲ

1137 2553 1363 2594 Valentini
1385 2558 1430 2594 et
1452 2552 1690 2594 Marcionis
1712 2551 1859 2592 haeresl
1881 2552 1938 2594 ad

1141 2609 1304 2652 retfftam
1328 2610 1461 2652 fidem
1477 2610 1712 2660 reuocauit,
1728 2609 1941 2663 rebusque

1140 2682 1241 2710 cum
1256 2669 1430 2710 aniceto
1443 2667 1692 2722 compositis
1701 2666 1938 2721 Smyrnam

1141 2726 1287 2780 redijt.
1350 2726 1507 2780 Ibique
1547 2739 1626 2778 per
1661 2725 1831 2779 aliquot
1861 2738 1939 2766 an-

1142 2798 1223 2825 nos
1250 2783 1428 2825 ecelefia
1454 2781 1709 2824 san&isfime
1734 2781 1938 2824 adminis-

1139 2848 1256 2883 trata
1278 2842 1418 2883 Marci
1441 2840 1611 2895 Aurelij
1636 2840 1937 2894 persecutione

1185 2925 1198 2948 ⁴
1224 2925 1324 2961 iubet
1348 2938 1355 2960 :
1375 2926 1414 2960 P.

1184 2973 1198 2995 ⁵
1224 2973 1283 3007 die
1303 2974 1356 3008 26.
1375 2975 1416 3007 in
1435 2984 1481 3007 m.
