2066 3392
1078 235 1187 276 xxvi

447 353 505 396 'A
538 363 672 411 tergo.
737 356 922 399 Dileffls
964 358 1065 411 filijs
1107 358 1343 400 Thomafio
1385 365 1429 401 et
1472 358 1713 402 Βεηεάἱξὶο
1756 361 1902 402 Iuntae

361 421 563 466 Antonio
596 426 738 467 Blado
769 432 814 467 et
846 425 1048 468 Antonio
1081 426 1346 469 Salamanca
1385 428 1543 470 Romae
1577 429 1787 471 librorum
1822 429 1904 469 im-

360 492 653 545 pressoribus¹.
1606 506 1609 508 ’

889 630 1079 672 PAVLVS
1114 631 1245 672 PAPA
1277 631 1379 673 .III.

373 723 623 824 1-.³l,11e6ti
650 737 725 791 filij
759 737 941 779 salutern
968 745 1012 780 et
1037 738 1321 792 apostolicam
1346 738 1715 782 benedictionem.
1779 740 1905 782 Diui-

374 796 482 834 Lffi‘
525 822 631 849 num
661 809 853 849 officium
880 822 958 862 per
989 807 1202 850 dileotum
1235 809 1373 851 filium
1401 810 1594 851 nostrum
1626 810 1903 851 Franciscum

359 878 477 919 tituli
519 876 679 919 sanfi'tae
713 877 866 919 Crucis
908 879 951 918 in
995 878 1231 919 Ierusalem
1275 877 1586 932 Presbyterum
1620 879 1903 921 Cardinalem

361 960 500 1001 nuper
531 946 658 987 nobis
691 946 904 987 oblatum.
967 947 1018 987 In
1050 960 1138 1000 quo
1166 953 1294 987 vetus
1324 953 1367 987 et
1397 961 1562 988 nouum
1591 948 1903 990 testamentum

361 1015 653 1068 quottidianis
685 1012 948 1055 lectionibus
980 1016 1041 1055 ita
1072 1014 1353 1056 distributum
1386 1015 1458 1065 est,
1489 1021 1537 1056 vt
1568 1016 1697 1056 annis
1728 1016 1905 1069 fingulis

359 1089 505 1124 totum
536 1082 624 1124 fere
650 1097 676 1123 a
701 1082 951 1136 legentibus
983 1084 1226 1137 reperiatur
1256 1083 1521 1134 absolutum,
1542 1085 1823 1139 imprimendi
1853 1099 1906 1127 ac

360 1152 584 1193 vendendi
636 1152 863 1192 licentiam
915 1151 1062 1193 vobis²
1102 1153 1402 1202 concedimus,
1445 1151 1764 1208 ⁸omnibusque
1805 1154 1904 1208 alijs

362 1221 699 1275 impressoribus,
741 1235 796 1261 ne
839 1221 946 1261 illud
990 1221 1104 1262 intra
1145 1213 1384 1262 triennium
1427 1220 1452 1262 a
1483 1223 1591 1263 dato
1623 1222 1902 1276 praesentium

360 1289 718 1343 computantium
771 1289 1035 1343 imprimere,
1088 1289 1158 1330 seu
1210 1289 1366 1330 venale
1414 1289 1579 1331 habere
1629 1290 1716 1331 slne
1765 1291 1905 1332 vestra

361 1359 538 1401 licentia
569 1360 765 1400 audeant
797 1359 875 1401 sub
906 1373 1022 1413 pena
1054 1359 1532 1400 excommunicationis
1563 1360 1740 1414 vbique,
1773 1367 1817 1402 et
1858 1361 1902 1402 in

360 1430 485 1470 terris
518 1429 673 1470 nostris
706 1429 840 1469 etiam
873 1428 1110 1468 amisfionis
1142 1427 1368 1477 librorum,
1409 1434 1454 1468 et
1505 1428 1678 1482 insuper
1728 1429 1904 1483 viginti-

359 1499 554 1551 quinque
586 1512 818 1539 aureorum
851 1498 1056 1551 quotiens
1089 1498 1448 1538 contrauenietur
1468 1497 1594 1538 vobis
1616 1498 1904 1552 applicando-

360 1581 455 1607 rum
479 1567 739 1608 inhibemus.
803 1567 1073 1608 Mandantes
1092 1566 1401 1617 Gubernatori,
1429 1567 1644 1618 Senatori,
1666 1574 1711 1609 et
1732 1569 1903 1609 caeteris

358 1637 675 1678 Tribunalibus
705 1635 837 1678 diffitae
858 1637 990 1686 vrbis,
1010 1643 1058 1677 vt
1086 1637 1193 1677 dum
1224 1635 1249 1676 a
1271 1637 1395 1677 vobis
1423 1638 1698 1691 requirentur
1723 1638 1766 1679 in
1797 1653 1902 1680 exe-

359 1708 536 1748 cutione
559 1705 775 1748 di&arum
803 1720 1036 1760 poenarum
1058 1706 1183 1747 vobis
1210 1705 1399 1755 faueant,
1422 1713 1466 1747 et
1492 1707 1726 1760 praesentes
1754 1708 1903 1750 literas

360 1777 525 1818 faciant
547 1776 861 1817 inuiolabiliter
874 1773 1125 1816 obseruari³.
1168 1775 1227 1815 Et
1242 1775 1415 1828 insuper
1431 1776 1638 1816 omnibus
1660 1782 1703 1817 et
1725 1776 1903 1830 singulis

360 1846 540 1888 Clericis
573 1852 617 1886 et
641 1845 913 1899 Presbyteris
935 1844 1159 1885 duntaxat
1192 1843 1467 1892 secularibus,
1490 1845 1564 1897 qui
1589 1843 1696 1885 illud
1719 1845 1903 1886 recitare

358 1914 590 1965 voluerint,
623 1915 920 1963 concedimus,
957 1920 1004 1955 vt
1045 1914 1103 1954 ad
1144 1913 1305 1954 veteris
1338 1912 1468 1966 officij
1508 1913 1745 1955 secundum
1779 1915 1900 1956 vsum

361 1982 579 2023 Romanae
602 1983 733 2023 curiae
756 1982 824 2023 vel
848 1981 1029 2022 alterius
1052 1980 1253 2030 ecclefiae,
1277 1981 1397 2034 quod
1422 1994 1538 2021 nunc
1562 1981 1605 2020 in
1622 1980 1696 2022 vsu
1715 1981 1904 2022 habetur

358 2051 663 2092 recitationem
696 2051 878 2091 minime
906 2056 1154 2099 teneantur,
1175 2049 1247 2091 sed
1278 2050 1524 2090 recitationi
1555 2049 1684 2103 officij
1709 2057 1753 2091 et
1774 2050 1902 2092 hora-

359 2133 456 2160 rum
497 2119 823 2168 canonicarum,
862 2119 1044 2172 perinde
1086 2132 1137 2159 ac
1170 2118 1198 2158 s1
1241 2123 1370 2158 vetus
1411 2117 1605 2158 officium
1643 2118 1902 2169 recitassent,

360 2188 602 2230 satisfecisse
630 2188 900 2236 censeantur,
924 2187 1186 2228 Dummodo
1223 2186 1376 2240 finguli
1410 2186 1645 2239 specialem
1670 2186 1798 2240 super
1818 2187 1903 2229 hoc

359 2258 582 2299 licentiam
614 2256 640 2299 a
673 2257 772 2298 sede
804 2256 1044 2311 apostolica
1075 2256 1322 2306 obtineant,
1346 2269 1481 2310 quam
1504 2270 1583 2310 per
1605 2255 1738 2296 solam
1762 2256 1903 2310 slgna-

358 2335 503 2368 turam
535 2327 698 2380 absque
729 2326 815 2367 alia
847 2325 1044 2379 impensa
1075 2325 1279 2379 expediri
1323 2325 1647 2374 mandabimus,
1689 2325 1904 2367 Volentes

359 2397 492 2437 etiam
525 2396 806 2450 praesentium
838 2395 1063 2436 literarum
1086 2394 1373 2448 transumptis
1397 2407 1530 2434 manu
1555 2393 1712 2446 notarij
1737 2394 1901 2447 publici

359 2464 616 2518 subscriptis,
639 2470 683 2505 et
714 2463 851 2517 sigillo
883 2463 1078 2517 personae
1111 2463 1155 2503 in
1187 2461 1470 2503 ecclefiastica
1497 2462 1716 2516 dignitate
1745 2462 1901 2504 consti-

358 2541 467 2575 tutae
498 2534 691 2582 munitis,
714 2533 891 2587 plenam
921 2533 1054 2574 fidem
1085 2539 1178 2573 tam
1209 2532 1251 2572 in
1275 2532 1449 2581 iudicio,
1471 2546 1605 2585 quam
1629 2538 1759 2573 extra
1780 2533 1899 2574 haud

359 2603 477 2643 secus
519 2603 683 2651 haberi,
724 2615 859 2655 quam
901 2601 928 2641 si
972 2600 1074 2655 ipsae
1116 2599 1354 2654 originales
1397 2599 1534 2640 literae
1575 2600 1900 2643 exhiberentur.

360 2672 527 2713 Datum
567 2672 725 2712 Romae
760 2671 878 2725 apud
917 2668 1114 2711 sanetum
1151 2670 1329 2710 Petrum
1369 2668 1445 2709 sub
1476 2667 1642 2709 annulo
1675 2668 1901 2722 piscatoris

359 2741 444 2781 Die
467 2755 513 2782 .v.
540 2739 778 2792 Februarij.
802 2749 1056 2781 M.D.XXXV.
1121 2737 1413 2779 Pontificatus
1436 2737 1568 2777 nostri
1592 2750 1710 2777 anno
1743 2737 1900 2780 Primo.

1605 2804 1782 2845 Blofius.

497 2941 547 2963 1‘1
573 2941 674 2977 omit.
696 2942 733 2975 P.
958 2940 972 2962 ²
997 2940 1104 2975 vobis
1126 2953 1132 2974 z
1151 2951 1218 2974 om.
1244 2940 1279 2973 P.
1516 2936 1568 2959 ³⁸³
1593 2937 1692 2970 omit.
1716 2938 1755 2970 P.
