2066 3392
819 211 1115 247 IANUARIUS.

54 292 73 351 J
134 292 368 349 euangelii,
405 292 453 335 Si
493 291 560 333 vis
595 288 816 345 perfectus
853 289 938 331 esse

134 353 278 403 vende
307 351 470 400 omnia,
497 363 600 404 quae
629 348 781 398 habes,
804 353 850 389 et
880 347 940 388 da

135 409 415 466 pauperibu5‚
454 407 578 449 velut
617 420 670 448 ea
711 406 788 447 fibi
834 411 941 446 tunc

53 477 61 519 j
135 466 413 524 peculiariter
450 463 571 508 dic‘ta
615 465 942 518 interpretatuS,

46 549 52 562 2
136 524 342 569 omnibus
379 523 462 566 suis
497 522 825 578 possessionibus
857 520 942 562 dis-

42 579 58 636 ’
135 581 300 634 traffis,
339 582 530 637 pretium
571 580 789 622 distribuit
834 592 941 633 pau-

137 641 326 697 peribus,
361 639 539 694 ipseque
570 639 614 679 in
646 637 813 679 vastam
850 635 943 677 Ae-

136 698 265 755 gypti
302 697 580 740 solitudinem
617 695 792 738 recessit.
853 694 943 735 Vbi

137 769 272 812 quam
294 755 508 810 plurimos
529 767 671 796 annos
697 751 943 794 incredibili

46 799 59 831 1
138 813 400 870 parsimonia
439 818 485 854 et
531 809 763 854 sanEtitate
803 811 942 852 vitam

138 873 261 928 gessit
281 872 359 913 vix
384 871 641 912 humanam.
672 869 786 923 saepe
808 867 834 909 a
855 869 945 909 dae-

45 939 62 947 ’
139 929 345 973 monibus
367 929 443 984 ipsi
468 926 805 970 sanctimoniam
834 926 944 967 inui-

139 988 347 1030 dentibus
386 987 519 1041 varijs
560 985 828 1039 imaginibus
879 984 946 1024 in-

48 1081 55 1092 ,,
141 1046 332 1088 festatus.
371 1058 483 1100 quos
524 1044 614 1098 ipse
660 1057 746 1097 ope
793 1042 946 1084 diuina

3 1126 6 1127 ⁷
72 1141 76 1143 ,
141 1103 274 1146 fretus
296 1109 389 1145 tarn
419 1102 671 1144 constanter
698 1100 944 1155 spernebat,

140 1168 189 1205 vt
209 1161 418 1215 conuicijs
441 1167 485 1202 et
507 1161 595 1201 iam
624 1165 669 1201 et
697 1156 946 1200 malediffis

141 1219 480 1275 persequeretur,
532 1217 808 1272 exprobrans
861 1215 946 1257 illis

142 1277 492 1320 imbecillitatem
507 1276 550 1317 in
565 1290 652 1324 eOS‚
667 1289 778 1329 quos
796 1274 948 1316 diuina

142 1336 285 1391 gratia
324 1348 413 1376 non
454 1334 720 1376 destituisset.
789 1333 947 1386 Itaque

142 1399 270 1436 tanto
321 1394 408 1435 iam
460 1392 612 1434 terrori
668 1391 948 1432 daemonibus

64 1455 65 1458 ’
144 1458 238 1494 erat
259 1451 372 1506 saepe
401 1449 426 1492 a
455 1450 496 1492 se
524 1447 722 1497 deuiffis,
745 1454 793 1490 vt
820 1447 949 1489 multi

144 1523 224 1564 per
262 1509 528 1563 Aegyptum
570 1508 628 1549 ab
669 1507 755 1548 illis
791 1505 948 1560 agitati

144 1567 324 1610 nomine
356 1565 544 1620 Antonij
581 1566 709 1620 super
739 1564 853 1619 ipsos
885 1564 949 1605 in-

146 1631 305 1667 uocato
326 1625 627 1666 liberarentur.
691 1623 811 1664 Huic
834 1622 950 1664 Con-

146 1682 359 1725 stantinus
393 1683 634 1736 imperator
669 1680 722 1730 se,
756 1687 801 1722 et
837 1679 950 1721 filios

146 1754 224 1796 per
244 1741 412 1782 litteras
433 1739 780 1788 commendauit,
801 1744 848 1780 vt
870 1752 950 1792 pro

146 1800 208 1842 eis
230 1799 411 1841 domino
434 1798 708 1853 supplicaret.
773 1797 844 1838 Ita
871 1796 951 1837 mi-

147 1856 304 1899 raculis
325 1857 467 1898 clarus
488 1869 655 1897 annum
678 1868 815 1908 agens
836 1854 953 1896 vltra

147 1915 431 1958 centesimum
453 1913 479 1956 a
499 1914 592 1955 vita
620 1912 828 1968 migrauit
849 1911 953 1966 .xvj.

147 1971 354 2015 calendas
377 1973 414 2014 F
415 1971 617 2026 ebruarij.

148 2057 193 2104 (I
215 2053 440 2097 Fabianus
456 2059 586 2107 papa,
607 2058 651 2093 et
677 2050 956 2105 Sebastianus

273 2117 485 2165 martyres
503 2109 659 2164 duplex
679 2109 834 2151 minus.

472 2180 637 2223 Oratio.

158 2251 503 2334 INfirmitatem
541 2247 755 2292 nostram²
792 2249 955 2304 respice

231 2309 511 2364 omnipotens
528 2309 649 2359 deus,
663 2314 707 2349 et
724 2308 828 2362 quia
845 2321 954 2361 pon-

150 2366 233 2409 dus
246 2368 434 2422 propriae
448 2365 635 2408 actionis
652 2372 809 2420 grauat
827 2381 835 2406 :
852 2366 954 2406 bea-

151 2429 296 2466 torum
313 2430 557 2479 martyrum
572 2430 748 2466 tuorum
768 2423 954 2464 Fabiani

153 2488 197 2524 et
223 2482 478 2532 Sebastiani,
502 2482 741 2524 intercessio
769 2480 956 2536 gloriosa

153 2553 234 2582 nos
253 2547 459 2596 protegat
483 2554 492 2582 :
514 2554 592 2595 per
613 2546 694 2582 etc.

389 2625 426 2667 L
432 2625 535 2668 εὲἳίο
556 2625 685 2667 tertia
691 2623 719 2668 ’.

158 2697 438 2782 FAbianus
478 2699 620 2754 patria
639 2758 646 2766 “
663 2700 894 2766 Romanus
931 2696 958 2739 a

255 2755 480 2799 Gordiano
501 2763 547 2799 et
569 2756 774 2812 Philippo
791 2757 847 2798 ad
867 2757 957 2798 De-

155 2814 271 2857 cium
307 2814 617 2870 imperatorem
650 2814 855 2871 pontifex
888 2827 957 2856 ec-

225 2936 239 2960 ¹
264 2936 325 2973 die
342 2946 396 2973 20.
419 2937 481 2974 hic
495 2938 536 2974 in
556 2949 601 2974 m.
625 2938 663 2973 P.

227 2982 242 3006 ²
266 2983 327 3020 die
344 2994 398 3020 20.
419 2985 459 3020 in
478 2997 524 3021 m.
548 2986 596 3022 R.
610 2986 654 3022 V.
671 2985 713 3022 Α.
754 2985 832 3021 Hic
847 2985 959 3021 etiam

159 3030 199 3066 iu
220 3031 257 3067 P.
276 3031 487 3078 dupliciter.

1734 207 1814 251 107

1006 287 1144 329 clefiae
1167 286 1353 342 praefuit.
1418 287 1506 328 Hic
1528 285 1694 340 septem
1721 286 1815 328 dia-

1007 346 1129 387 conis
1161 345 1362 399 regiones
1391 343 1546 395 diuifit,
1572 344 1647 398 qui
1679 342 1706 385 a
1737 357 1814 385 no-

1007 403 1132 457 tarijs
1169 416 1236 444 res
1269 407 1514 456 martyrum
1545 401 1688 455 gestas
1719 401 1816 442 scri-

1008 461 1229 510 bentibus,
1244 460 1512 514 colligerent.
1546 458 1814 513 Statuitque,

1008 525 1057 561 vt
1093 518 1271 572 fingulis
1306 518 1435 559 annis
1475 517 1519 558 in
1561 517 1635 558 die
1675 529 1816 558 coenae

1010 577 1180 619 domini
1217 575 1403 618 chrisma
1437 580 1731 616 renouaretur.
1765 587 1818 615 ac

1010 641 1137 677 vetus
1178 631 1480 676 comburetur³
1531 633 1575 674 in
1626 631 1817 674 ecclefia.

1014 693 1160 735 Huius
1191 698 1394 746 tempore
1425 696 1522 732 orta
1553 690 1614 732 est
1645 689 1818 732 haeresss

1013 750 1196 804 Nouatij
1233 751 1452 791 Romanae
1483 748 1672 790 ecclefiae
1704 747 1819 802 pres-

1012 809 1169 863 byteri,
1191 807 1396 863 negantis
1427 806 1651 861 apostatas
1682 806 1817 847 etiam

1012 867 1283 921 poenitentes
1305 866 1362 907 ab
1384 865 1563 907 ecclefia
1583 864 1716 918 recipi
1743 864 1820 906 de-

1012 925 1130 966 bere.
1213 924 1304 966 Sed
1346 928 1616 977 congregato
1659 923 1819 964 Romae

1012 982 1200 1024 concilio
1241 982 1312 1024 .lx.
1355 981 1670 1035 episcoporum,
1716 980 1820 1021 toti-

1013 1042 1205 1094 demque
1227 1039 1586 1094 presbyterorum
1608 1052 1709 1079 cum
1727 1037 1821 1079 dia-

1013 1099 1135 1140 conis
1171 1097 1474 1152 compluribus
1512 1096 1607 1137 haec
1647 1095 1820 1137 haeresis

1015 1156 1255 1198 nouatiana
1283 1157 1497 1197 damnata
1526 1154 1620 1205 fuit,
1645 1159 1690 1195 et
1718 1167 1820 1195 cum

1014 1214 1111 1267 alijs
1126 1228 1244 1255 error
1257 1227 1435 1268 quoque
1452 1211 1820 1254 Helchesatarum

1015 1273 1293 1314 asserentium
1316 1285 1405 1312 non
1434 1271 1518 1312 esse
1540 1269 1820 1311 criminosum

1015 1331 1059 1372 in
1077 1331 1309 1371 tormentis
1328 1329 1547 1372 Christum
1561 1325 1823 1370 vocetenus⁴

1015 1388 1073 1430 ab
1109 1402 1163 1430 eo
1199 1388 1362 1442 negari,
1399 1387 1474 1441 qui
1511 1385 1645 1428 corde
1681 1385 1821 1440 ipsum

1016 1446 1309 1488 confiteretur.
1372 1445 1595 1486 Fabianus
1631 1443 1823 1498 denique

1018 1505 1122 1558 .xiij.
1140 1504 1347 1546 calendas
1367 1504 1403 1544 F
1405 1501 1592 1555 ebruarij
1610 1502 1823 1555 martyrio

1017 1569 1254 1604 coronatus
1286 1562 1330 1602 in
1366 1561 1623 1602 coemeterio
1657 1559 1822 1602 Callisti

1017 1621 1089 1663 via
1110 1619 1263 1674 Appia
1286 1619 1502 1674 sepelitur,
1523 1632 1625 1660 cum
1655 1617 1825 1660 sedisset

1017 1692 1159 1720 annos
1179 1677 1301 1731 .xiiij.
1323 1677 1492 1719 menses
1514 1676 1589 1731 ‚xj.
1612 1676 1708 1718 dies
1729 1675 1803 1730 .xj.

1095 1769 1360 1811 Ebastianus
1381 1768 1491 1810 ciuis
1518 1766 1826 1810 Mediolanen-

1123 1828 1185 1877 fis,
1203 1827 1275 1869 sed
1295 1827 1522 1869 Narbonae
1539 1832 1675 1876 ortus,
1691 1825 1761 1867 vel
1778 1831 1826 1867 vt

1019 1885 1092 1939 alij
1118 1886 1301 1927 tradunt
1322 1885 1545 1931 oriundus,
1567 1884 1633 1926 vir
1654 1883 1825 1932 nobilis,

1021 1950 1066 1986 et
1088 1943 1342 1998 imperatori
1359 1942 1640 1984 Diocletiano
1653 1941 1824 1991 charus,

1021 2002 1265 2057 primaeque
1295 2000 1490 2042 cohortis
1521 1999 1690 2047 ductor,
1714 1999 1825 2041 mul-

1021 2067 1092 2102 tos
1133 2059 1463 2100 christianorum
1506 2058 1549 2099 in
1591 2058 1825 2100 tormentis

1022 2117 1278 2159 deficientes
1307 2123 1399 2158 tam
1433 2116 1604 2157 fortiter
1633 2121 1678 2157 et
1706 2115 1826 2157 sanc-

1023 2182 1068 2217 te
1091 2176 1133 2216 in
1154 2175 1240 2216 fide
1257 2173 1538 2216 confirmauit
1563 2190 1571 2215 :
1595 2179 1642 2216 vt
1659 2179 1826 2227 marty-

1024 2234 1135 2275 rium
1159 2232 1408 2274 constanter
1430 2232 1651 2273 subierint.
1703 2231 1827 2286 Quo-

1026 2306 1122 2333 rum
1159 2291 1280 2332 suere
1316 2290 1507 2339 Marcus,
1527 2296 1573 2331 et
1605 2289 1826 2331 Marcelli-

1024 2363 1135 2392 anus
1157 2348 1324 2398 fratres,
1345 2348 1418 2402 qui
1444 2348 1601 2389 Romae
1624 2347 1667 2388 in
1690 2346 1827 2389 domo

1026 2407 1262 2449 Nicostrati
1305 2404 1440 2447 vincti
1485 2404 1827 2454 asseruabantur,

1025 2466 1148 2507 cuius
1180 2464 1414 2506 Nicostrati
1444 2477 1559 2505 vxor
1586 2477 1676 2513 zoe,
1697 2476 1828 2504 exor-

1023 2530 1129 2565 ante
1179 2523 1312 2564 deum
1366 2521 1624 2564 Sebastiano
1671 2534 1827 2563 vocem

1024 2588 1130 2624 ante
1177 2580 1254 2622 sex
1305 2593 1446 2621 annos
1496 2593 1574 2634 per
1624 2578 1827 2620 morbum

1026 2639 1224 2682 amissam
1257 2638 1431 2692 recepit.
1494 2636 1668 2691 Quibus
1699 2636 1828 2678 rebus

1026 2698 1217 2752 cognitis
1260 2695 1568 2738 Diocletianus
1610 2694 1830 2737 Sebastia-

1027 2769 1133 2797 num
1166 2755 1223 2797 ad
1256 2754 1296 2796 se
1326 2759 1467 2802 vocat,
1505 2759 1549 2795 et
1584 2752 1831 2807 grauissime

1028 2814 1302 2868 increpatum
1336 2812 1458 2854 omni
1490 2811 1660 2853 ratione
1688 2809 1715 2853 a
1741 2810 1829 2852 fide

1098 2937 1112 2959 ³
1137 2937 1416 2973 combureretur
1439 2947 1446 2970 ε
1467 2935 1509 2971 R.
1533 2935 1569 2970 P.
1586 2934 1628 2969 A.

1100 2983 1112 3007 ⁴
1138 2990 1352 3021 vocetemus
1374 2995 1381 3018 z
1402 2983 1444 3018 Α.
