2066 3392
846 197 1123 231 AUGUSTUS.

141 274 280 318 tasset.
323 274 415 318 Sed
438 289 539 317 curn
564 275 728 317 multos
751 275 950 316 sermone

141 338 186 374 et
204 333 415 387 exemplo
431 334 488 374 ad
504 333 637 374 fidem
656 333 950 383 conuenisset,

141 390 198 432 ad
216 391 432 445 templum
451 392 610 433 Martis
627 398 674 432 vt
692 390 951 433 sacrificaret

142 448 200 490 ab
214 448 465 490 infidelibus
480 447 733 500 abstraetus,
750 449 949 490 constan-

141 506 175 548 ti
197 506 346 548 animo
369 507 594 550 recusauit.
641 507 947 561 Quamobrem

141 565 288 618 capite
318 570 547 606 truncatus
579 564 652 614 est,
673 579 724 606 ac
754 564 948 619 sepultus

140 622 213 663 via
248 622 401 677 Appia
436 623 478 664 in
516 623 773 664 coemeterio
809 622 947 663 calisti

143 679 229 733 ‚iiij.
252 693 392 721 nonas
418 680 620 733 Augusti.
682 680 796 722 Cum
822 680 949 721 sedis-

143 737 204 779 set
263 752 403 779 annos
459 738 625 792 septem
678 738 847 779 menses
898 753 947 780 .v.

142 795 237 837 dies
259 796 316 851 .ij.

201 904 246 950 (I
282 900 457 943 Sanc‘lce
485 902 652 943 Affarl'oe
679 901 743 942 ad
769 901 891 942 niues

237 959 392 1014 duplex
410 959 554 1001 maius
574 959 638 1000 ad
655 959 855 1013 vesperas.

439 1035 657 1088 Hymnus.

198 1108 300 1151 Aue
323 1109 455 1150 maris
478 1108 600 1150 stella
621 1106 722 1150 etc.¹

468 1198 631 1241 Oratio.

152 1275 342 1359 DEuS,
378 1275 455 1328 qui
496 1273 757 1328 virginalem
799 1272 946 1314 aulam

268 1334 411 1374 beatae
463 1333 615 1373 mariae
666 1331 858 1385 virginis,
906 1332 949 1372 in

145 1405 234 1446 qua
274 1391 509 1440 habitares,
543 1390 704 1444 eligere
737 1390 950 1443 dignatus

145 1463 204 1499 es,
245 1450 304 1490 da
350 1448 613 1502 quaesumus,
654 1454 703 1489 vt
753 1447 827 1489 sua
868 1461 949 1488 nos

143 1507 393 1548 defenfione
411 1506 616 1555 munitos,
633 1506 847 1547 iucundos
863 1505 948 1546 suae

145 1564 280 1606 facias
298 1564 495 1606 interesse
510 1563 924 1606 commemorationi
940 1577 949 1605 :

144 1623 220 1677 qui
241 1622 353 1663 viuis
375 1628 457 1664 etc.

146 1716 190 1763 ΙΙ
214 1713 298 1755 Ad
314 1713 578 1755 matutinum
607 1710 946 1755 z‘nuz'tatorz'um2.

206 1786 373 1831 Sancta
394 1788 534 1830 maria
555 1788 626 1829 dei
649 1787 844 1842 genitrix
865 1788 949 1829 vir-

147 1859 205 1901 go
227 1846 449 1888 intercede
470 1860 550 1902 pro
573 1846 712 1888 nobis.

440 1940 655 1993 Hymnus.

207 2015 248 2058 O
269 2014 456 2070 gloriosa
477 2015 670 2057 domina.
693 2021 773 2056 etc.

391 2104 537 2147 Lec‘lio
568 2105 708 2147 tertia.

157 2178 373 2262 ROrnae
405 2178 557 2220 liberio
589 2178 797 2234 pontifice
828 2185 952 2220 ante-

274 2250 409 2290 quam
445 2236 582 2278 vllum
625 2237 668 2277 in
701 2237 807 2278 vrbe
840 2243 952 2278 tem-

150 2294 274 2348 plum
326 2294 508 2347 virginis
560 2294 712 2335 matris
774 2295 954 2336 nomine

151 2350 428 2393 dedicatum⁸
459 2351 576 2401 esset,
601 2352 792 2393 Ioannes
818 2352 956 2406 patri-

153 2410 246 2451 cius
279 2422 488 2450 romanus
522 2423 694 2451 morum
728 2409 955 2451 honestate

153 2473 198 2508 et
225 2467 397 2520 generis
429 2466 674 2516 nobilitate,
696 2473 830 2521 atque
860 2468 955 2521 opi-

153 2523 236 2565 bus
296 2523 518 2578 praestans‚
569 2525 637 2565 cui
698 2539 813 2566 vxor
861 2531 955 2567 erat

156 2581 352 2623 moribus
397 2588 441 2623 et
492 2582 745 2624 conditione
796 2582 956 2632 similis,

154 2651 255 2680 curn
284 2638 520 2681 orbitatem
545 2639 733 2681 filiorum
757 2639 958 2681 dolenter

155 2696 298 2745 ferret,
323 2710 403 2738 nec
424 2697 500 2738 diu
526 2697 742 2751 cogitanti
773 2698 957 2739 idoneus

155 2753 382 2808 quisquam
415 2761 671 2804 occurreret,
698 2769 830 2809 quem
864 2755 958 2797 sua-

156 2825 251 2853 rum
274 2825 409 2866 opum
432 2811 653 2854 haeredem
680 2813 958 2867 relinqueret,

156 2869 402 2923 eademque
427 2869 658 2912 solicitudo
686 2884 871 2912 vxorcm
896 2870 957 2912 sa-

305 2971 316 2993 ¹
342 2978 411 3007 etc.
436 2983 530 3007 tom.
553 2973 590 3007 Ρ.
641 2971 701 3007 sol.
722 2972 782 3007 vlt.
809 2971 917 3007 :adet
937 2972 978 3007 A.

1747 193 1823 238 145

1018 275 1190 330 tigaret,
1231 275 1365 316 ambo
1406 275 1580 316 assiduis
1620 275 1824 329 precibus

1018 347 1045 374 a
1067 334 1199 374 beata
1219 333 1390 386 virgine
1413 333 1555 374 Maria
1581 334 1824 375 contende-

1018 391 1141 440 bant,
1173 397 1221 432 vt
1251 391 1320 432 vel
1354 391 1395 432 se
1427 390 1560 444 prolis
1592 396 1824 444 compotes

1018 449 1221 498 efficeret,
1262 448 1331 490 vel
1374 462 1507 503 quem
1555 449 1823 503 potissimum

1017 507 1239 548 haeredem
1273 507 1497 548 instituere
1530 507 1824 547 commodissi-

1018 579 1154 616 mum,
1207 571 1251 606 et
1308 565 1650 606 honestissimum
1707 565 1823 613 esset,

1018 623 1244 664 indicaret.
1305 623 1509 664 Exorata
1552 623 1687 676 igitur
1736 622 1823 676 pijs

1018 681 1222 735 precibus
1244 681 1464 722 mitissima
1489 681 1668 734 virgine,
1692 678 1823 721 noete

1018 753 1234 780 nonarum
1267 739 1457 793 Augusti
1494 752 1583 793 quo
1620 744 1822 793 ternpore

1018 797 1157 838 solent
1192 797 1346 838 vrbem
1379 797 1516 838 aestiui
1553 796 1720 852 calores
1757 797 1825 837 in-

1018 854 1184 903 festare,
1217 869 1318 908 pars
1351 855 1444 896 eius
1486 855 1650 896 montis
1690 854 1820 904 vrbis,

1017 913 1092 966 qui
1148 914 1310 954 dicitur
1361 913 1581 966 Esquiliae,
1632 912 1822 967 plurima

1018 972 1120 1012 niue
1148 970 1374 1025 conspersa
1405 971 1477 1020 est,
1499 971 1584 1012 deo
1605 970 1822 1012 voluntati

1020 1029 1173 1070 matris
1242 1034 1477 1070 annuente.
1560 1028 1823 1082 Eademque

1019 1085 1151 1128 no&e
1188 1087 1346 1128 Ioanni
1380 1086 1557 1141 eiusque
1596 1087 1724 1128 vxori
1763 1086 1824 1127 se-

1018 1145 1162 1186 orsum
1184 1145 1309 1199 virgo
1331 1151 1473 1186 mater
1489 1144 1577 1186 visa
1593 1144 1654 1186 est
1673 1145 1822 1186 niuem

1018 1203 1245 1244 demissam
1261 1202 1430 1253 referre,
1445 1203 1642 1256 ipsosque
1660 1203 1823 1252 iubere,

1017 1267 1065 1302 vt
1097 1261 1140 1301 in
1173 1275 1226 1302 eo
1268 1261 1377 1310 loco,
1409 1275 1542 1315 quem
1577 1261 1657 1301 nix
1693 1274 1823 1302 occu-

1018 1319 1167 1372 passet,
1198 1319 1416 1373 templum
1460 1319 1542 1359 suis
1578 1318 1823 1372 sumptibus

1017 1377 1302 1426 aedificarent‚
1321 1377 1440 1431 quod
1464 1377 1644 1418 nomine
1667 1376 1823 1418 Mariae

1016 1435 1198 1488 virginis
1230 1436 1463 1483 dicaretur,
1484 1448 1584 1488 quae
1616 1434 1672 1475 ad
1705 1434 1822 1475 hunc

1018 1493 1202 1534 modum
1249 1493 1383 1534 vellet
1433 1493 1574 1534 haeres
1625 1492 1682 1533 ab
1723 1492 1823 1546 ipsis

1017 1550 1213 1604 relinqui.
1277 1551 1410 1592 Hanc
1459 1550 1667 1592 visionem
1718 1563 1821 1591 cum

1019 1609 1210 1650 Ioannes
1234 1609 1291 1650 ad
1317 1609 1542 1650 Liberium
1564 1607 1821 1662 pontificem

1017 1666 1238 1716 retulisset,
1262 1667 1379 1708 idem
1405 1667 1480 1707 sibi
1512 1666 1650 1708 visum
1682 1667 1823 1707 conti-

1016 1725 1121 1779 gisse
1136 1724 1341 1779 pontifex
1356 1724 1627 1774 asseuerauit,
1644 1725 1822 1766 eadem-

1017 1797 1103 1837 que
1137 1783 1346 1824 nunciata
1381 1788 1426 1824 et
1459 1783 1688 1836 imperata,
1722 1795 1824 1836 pro-

1018 1841 1121 1882 inde
1136 1841 1305 1882 monita
1319 1841 1471 1882 diuina
1485 1854 1573 1881 non
1588 1840 1671 1881 esse
1685 1840 1825 1894 negli-

1018 1899 1175 1952 genda.
1200 1898 1313 1940 Cum
1324 1897 1823 1953 magnaigituretsolen-

1019 1957 1062 1997 ni
1078 1970 1245 2010 pompa
1261 1957 1317 1997 ad
1334 1956 1478 1997 locum
1497 1955 1823 2010 niuispontisex

1019 2027 1120 2055 cum
1153 2014 1369 2068 frequenti
1406 2013 1573 2068 populo
1613 2013 1824 2067 processit,

1020 2078 1065 2112 et
1080 2071 1225 2123 locum
1243 2071 1412 2125 templo
1429 2071 1686 2125 designauit,
1702 2071 1823 2125 quod

1021 2129 1195 2170 illorum
1237 2143 1349 2183 quos
1386 2129 1585 2170 diximus
1619 2128 1824 2182 impensis

1022 2186 1256 2240 magnifice
1308 2184 1603 2228 constructum
1664 2184 1824 2228 sanCtae

1023 2244 1177 2285 Mariae
1200 2244 1377 2285 maioris
1400 2250 1692 2299 nuncupatur.

1023 2407 1068 2454 (I
1104 2404 1143 2445 T
1141 2403 1454 2458 ratffguralio
1482 2402 1653 2445 domini
1675 2403 1832 2458 duplex

1198 2462 1343 2503 maius
1362 2462 1425 2503 ad
1442 2461 1643 2515 vesperas,

1314 2552 1530 2606 Hymnm.

1027 2639 1248 2723 GAude
1278 2645 1419 2680 mater
1447 2639 1626 2692 pietatis
1649 2639 1692 2679 in
1714 2638 1830 2680 valle

1132 2697 1405 2749 gementium
1430 2697 1513 2737 Pro
1540 2697 1703 2738 ducatu
1733 2697 1829 2751 dig-

1027 2755 1177 2796 nitatis
1221 2754 1377 2796 Christi
1426 2754 1540 2808 regis
1585 2754 1784 2796 omnium
1821 2767 1830 2796 :

1028 2812 1131 2866 Quo
1162 2812 1325 2854 dilecta
1363 2813 1624 2866 praedotaris
1661 2813 1703 2853 in
1741 2811 1832 2853 cul·

1030 2872 1147 2911 mine
1169 2871 1400 2912 montium.

1180 2970 1195 2994 ²
1220 2972 1282 3008 die
1300 2973 1334 3007 ,6
1350 2973 1391 3007 in
1410 2983 1456 3007 m.
1510 2980 1527 3018 5
1553 2985 1560 3007 ε
1582 2974 1619 3008 Ρ.
1635 2973 1679 3008 Α.

790 3018 804 3041 ³
830 3019 995 3054 dicatum
1019 3030 1026 3053 z
1050 3020 1090 3054 R.
1111 3020 1147 3054 P.
1164 3019 1207 3054 Α.

276 3086 313 3118 B.
337 3085 381 3117 N.

1672 3090 1722 3120 10
