2066 3392
246 221 322 263 ¹32

563 303 725 347 Oratio.

250 375 387 459 DA
451 374 700 429 quaesumus
765 372 1049 425 omnipotens

365 433 475 475 deus
506 448 517 474 t
546 438 594 474 vt
625 432 700 485 qui
732 431 851 472 beati
878 430 1050 472 Vrbani

246 491 450 545 martyris
481 491 545 532 tui
578 497 712 544 atque
744 487 965 543 pontificis
988 487 1050 528 so-

246 549 393 590 lennia
415 548 601 590 colimus
623 562 632 588 z
654 548 746 588 eius
768 546 888 600 apud
911 552 955 586 te
986 546 1051 586 in-

244 607 568 648 tercessionibus
590 605 854 646 adiuuemur
875 618 884 645 ε
908 617 997 658 per.

376 707 421 753 (l
453 704 579 746 Felzlr
598 710 715 758 papa
745 711 923 757 martyr.

519 763 666 804 Lec‘lio
686 761 781 816 .iz'j1.

244 830 424 915 FElix
462 832 606 886 patria
637 844 846 872 romanus
877 828 1053 870 Aureli-

345 904 432 931 ano
454 891 721 943 imperatore
742 887 1052 942 pontificatum

245 948 436 1002 adeptus
486 947 559 989 est.
622 947 710 988 Hic
762 946 957 996 instituit,
1004 951 1054 986 vt

247 1013 494 1059 martyrum
524 1004 737 1046 memoria
769 1003 946 1057 singulis
978 1017 1053 1043 an-

247 1065 315 1105 nis
337 1063 555 1116 sacrificijs
588 1063 895 1103 celebraretur.
958 1061 1054 1102 Nec
1081 1084 1083 1086 ·

248 1122 323 1162 nisi
356 1122 398 1162 in
432 1121 529 1162 loco
562 1121 680 1162 sacro
715 1120 837 1160 missa
871 1133 1055 1173 perage-

248 1187 378 1228 retur,
414 1186 709 1233 praeterquam
752 1183 939 1231 cogente
980 1190 1054 1217 ne-

249 1239 451 1286 cessitate,
492 1236 821 1290 Templumque
863 1236 985 1283 iussit,
1026 1234 1054 1275 si

249 1297 306 1337 de
342 1295 670 1337 consecratione
711 1294 841 1347 ipsius
878 1293 1056 1334 dubita-

250 1360 379 1404 retur,
420 1354 567 1394 denuo
617 1351 870 1393 consecrari.
912 1364 1056 1404 neque

250 1413 368 1453 enim
392 1411 598 1452 iteratum
620 1409 758 1451 videri
780 1409 942 1450 debere
966 1409 1057 1449 dic-

250 1470 389 1519 tabat,
426 1469 546 1522 quod
589 1466 756 1509 faffitum
798 1467 882 1507 esse
923 1466 1057 1507 nesci-

251 1534 381 1569 retur.
463 1526 687 1567 Postremo
747 1538 848 1566 cum
911 1523 1057 1564 mense

254 1584 493 1626 Decembri
524 1583 809 1638 presbyteros
850 1582 921 1624 .ix.
964 1581 1057 1623 dia-

252 1641 406 1684 cones²
440 1657 489 1684 .v.
524 1641 753 1695 episcopos
783 1655 832 1681 .v.
866 1640 1056 1687 creasset,

253 1701 466 1753 martyrio
500 1705 736 1740 coronatus
769 1699 841 1739 via
874 1698 1059 1738 Aurelia

253 1758 458 1813 sepelitur
492 1757 560 1811 .iij.
603 1756 811 1798 calendas
855 1755 967 1808 Iunij
1014 1755 1057 1795 in

252 1817 430 1858 basilica
479 1829 616 1869 quam
659 1814 747 1868 ipse
788 1813 1060 1861 condiderat,

256 1881 390 1928 atque
440 1874 680 1915 dicauerat.
740 1871 867 1913 Sedit
909 1878 1059 1912 autern

256 1946 396 1974 annos
419 1932 503 1985 .iiij.
528 1930 698 1972 menses
720 1930 790 1983 .iij.
814 1930 908 1970 dies
930 1943 1016 1969 .xv.

526 2040 571 2086 ΙΙ
603 2036 770 2078 Iunius.

255 2117 300 2162 ΙΙ
333 2111 594 2166 Pamphilus
604 2107 861 2164 praesbyter⁸
883 2116 1061 2162 martyr.

504 2169 649 2211 LeHio
671 2167 829 2209 tertiat

263 2239 582 2324 PAmphilus
623 2237 855 2292 presbyter
897 2235 1065 2278 caesari-

370 2298 479 2339 ensis
507 2303 635 2337 tanto
666 2296 917 2337 diuinorum
939 2294 1062 2335 volu-

257 2357 426 2397 minum
454 2368 604 2396 amore
635 2353 851 2407 flagrauit,
873 2359 919 2393 vt
951 2351 1063 2392 cele-

256 2415 493 2455 berrimam
526 2411 841 2453 bibliothecam
867 2410 1062 2463 vndique

258 2473 428 2512 summo
469 2470 611 2511 studio
649 2467 900 2521 conquisitis
943 2467 1063 2508 libris

261 2530 456 2572 Cesareae
485 2527 778 2568 construxerit
802 2539 810 2566 :
834 2538 1064 2578 magnam-

257 2602 343 2641 que
365 2593 535 2640 partem
560 2584 765 2638 Origenis
782 2596 965 2636 operum
989 2582 1063 2623 sua

260 2658 394 2686 manu
445 2642 726 2696 descripserit.
790 2641 903 2694 Quae
954 2641 1061 2681 Hie-

259 2715 472 2755 ronymus
507 2701 547 2741 se
580 2699 742 2748 vidisse,
773 2712 826 2739 ac
856 2698 1063 2747 habuisse,

260 2760 516 2814 ingentique
547 2757 791 2811 cupiditate
816 2756 934 2810 quasi
966 2755 1062 2795 the-

260 2818 431 2858 saurum
474 2816 666 2869 aliquem
710 2814 902 2861 seruasse,
933 2812 1060 2854 testa-

331 2947 343 2969 1
369 2947 429 2981 die
449 2957 503 2991 30.
522 2947 562 2981 in
582 2958 629 2981 m.

330 2994 343 3015 ²¹
370 2994 548 3028 diaconos
573 3005 580 3027 ε
601 2994 642 3027 R.
664 2994 699 3027 P.
718 2994 759 3027 A.

331 3042 344 3061 ³
371 3040 561 3086 presbyter
585 3053 590 3076 :
613 3041 658 3074 R.
677 3039 712 3075 P.
728 3041 771 3074 A.

983 224 1008 255 I
1011 223 1104 256 UNI
1107 223 1174 256 US.

1115 299 1218 342 tur⁵.
1285 298 1464 354 Scripsit
1500 297 1725 347 nonnulla,
1761 296 1921 352 quibus

1118 359 1328 412 insignem
1355 355 1618 407 doetrinam,
1639 362 1683 397 et
1711 367 1922 409 magnam

1118 417 1222 457 vitae
1241 413 1572 457 sanctimoniam
1589 413 1769 468 posteris
1784 412 1924 454 mani-

1120 474 1286 523 festam,
1349 487 1401 514 ac
1466 472 1671 514 testatam
1736 469 1924 524 reliquit.

1121 533 1318 574 Demum
1369 531 1465 585 post
1513 531 1646 572 beata
1687 529 1840 577 studia,
1880 533 1926 568 et

1121 589 1285 631 multos
1308 603 1387 643 pro
1409 587 1585 630 ecclesia
1607 587 1690 638 dei,
1712 601 1764 628 ac
1784 585 1924 641 gloria

1121 647 1314 689 nominis
1342 646 1562 688 christiani
1591 644 1829 687 exhaustos
1863 643 1925 684 la-

1121 706 1249 747 bores
1272 721 1280 746 :
1302 705 1419 759 apud
1437 704 1679 746 Caesaream
1697 701 1924 744 Palestinae

1120 778 1202 817 pro
1224 762 1312 804 fide
1341 761 1496 805 Christi
1523 762 1566 802 in
1589 760 1925 815 persequutione

1123 820 1361 862 Maximini
1411 819 1688 874 imperatoris
1729 818 1925 860 calendis

1124 878 1238 933 Iunij
1264 878 1476 932 martyrio
1498 883 1734 919 coronatus
1757 876 1830 919 est.

1123 995 1168 1040 (I
1201 991 1489 1033 Marcellinus
1527 996 1569 1031 et
1606 990 1768 1031 Petrus
1811 1003 1928 1031 mar-

1276 1057 1398 1103 tyres.
1457 1047 1603 1090 Lefflo
1626 1046 1785 1089 tertiat

1124 1135 1478 1219 TEmporibus
1501 1134 1768 1176 Diocletiani
1791 1134 1930 1188 impe·

1239 1194 1395 1235 ratoris
1432 1206 1567 1234 romae
1611 1193 1764 1234 Petrus
1801 1206 1929 1233 exor-

1124 1251 1229 1293 cista
1280 1251 1388 1292 iussu
1436 1250 1591 1292 Sereni
1642 1250 1798 1292 iudicis
1849 1263 1931 1304 pro

1126 1310 1283 1352 Christi
1305 1309 1484 1350 nomine
1507 1309 1550 1350 in
1579 1322 1798 1350 carcerem
1829 1321 1932 1349 con-

1126 1366 1266 1409 iectus
1301 1383 1310 1409 ε
1350 1367 1582 1408 Paulinam
1614 1366 1804 1420 Artemij
1839 1380 1930 1407 car-

1125 1426 1235 1467 ceris
1257 1425 1447 1467 custodis
1468 1424 1603 1465 filiam
1626 1425 1683 1465 ab
1701 1425 1931 1466 immundo

1126 1484 1277 1537 spiritu
1309 1482 1525 1531 liberauit,
1548 1482 1776 1536 ipsumque
1798 1478 1932 1523 Arte-

1127 1542 1264 1582 mium
1302 1555 1403 1582 cum
1439 1541 1628 1594 coniuge
1664 1547 1708 1581 et
1744 1540 1846 1589 filia,
1880 1554 1932 1581 ac

1126 1606 1223 1641 tota
1255 1600 1403 1647 domo,
1433 1605 1484 1639 et
1519 1598 1734 1652 plerisque
1765 1598 1932 1648 vicinis,

1126 1657 1202 1711 qui
1225 1658 1281 1698 ad
1309 1656 1570 1697 miraculum
1599 1662 1931 1697 conuenerant:

1127 1715 1184 1756 ad
1231 1714 1451 1756 Christum
1493 1714 1722 1763 conuertit,
1764 1720 1808 1754 et
1849 1713 1930 1754 hos

1128 1786 1282 1813 omnes
1354 1772 1638 1814 Marcellinus
1701 1771 1933 1826 presbyter

1126 1830 1384 1884 baptizauit.
1447 1829 1549 1883 Quo
1601 1830 1811 1870 nunciato
1853 1829 1932 1871 Se-

1128 1902 1258 1930 renus
1305 1888 1624 1936 Marcellinum,
1666 1893 1710 1928 et
1753 1888 1931 1929 Petrum

1129 1947 1186 1987 ad
1233 1946 1275 1987 se
1315 1944 1567 1999 produ6tos,
1610 1945 1760 1986 multis
1802 1945 1932 1986 minis

1129 2005 1186 2045 ab
1232 2005 1428 2058 incoepto
1469 2003 1687 2044 deterrere
1726 2004 1931 2044 tentauit.

1131 2062 1214 2104 Cui
1246 2076 1347 2103 cum
1382 2060 1669 2102 Marcellinus
1702 2060 1934 2102 christiana

1130 2120 1334 2161 libertate
1356 2120 1412 2160 ad
1439 2119 1591 2160 omnia
1619 2118 1900 2172 responderet
1926 2133 1935 2159 ε

1130 2179 1291 2232 pugnis
1342 2191 1444 2218 eum
1492 2176 1720 2218 contusum
1764 2176 1936 2230 separat

1130 2235 1156 2277 a
1188 2237 1328 2284 Petro,
1353 2236 1611 2288 nudumque
1642 2235 1685 2275 in
1714 2247 1934 2276 carcerem

1129 2293 1251 2335 testis
1300 2293 1450 2334 vitreis
1501 2292 1762 2347 perstratum
1819 2291 1935 2334 trudi

1132 2352 1254 2393 iubet
1290 2350 1377 2392 sine
1411 2350 1521 2400 cibo,
1556 2356 1600 2391 et
1634 2350 1722 2391 fine
1757 2350 1934 2391 lumine.

1132 2410 1286 2450 Petrus
1309 2409 1463 2450 itidem
1490 2408 1577 2449 alio
1600 2409 1643 2449 iri
1667 2408 1764 2449 loco
1790 2406 1935 2449 arffis-

1132 2467 1247 2508 simis
1267 2466 1454 2507 vinculis
1475 2465 1796 2519 constringitur.
1843 2465 1933 2508 Sed

1132 2525 1207 2566 diu
1230 2524 1410 2565 cruciati
1434 2537 1534 2564 cum
1557 2523 1759 2564 fortiores
1781 2523 1933 2572 indies,

1132 2589 1266 2636 atque
1289 2582 1333 2622 in
1356 2581 1513 2624 Christi
1542 2581 1802 2622 confeffione
1831 2594 1936 2622 con-

1133 2640 1362 2681 stantiores
1384 2639 1696 2704 intuenirentun
1717 2645 1846 2680 extra
1865 2651 1933 2679 vr-

1132 2756 1279 2809 capite
1289 2754 1410 2808 plexi
1426 2729 1640 2808 martyrio
1657 2760 1932 2795 coronantur.

1133 2812 1305 2854 Lucilla
1333 2826 1437 2853 vero
1469 2818 1672 2853 matrona
1703 2811 1935 2853 christiana

1202 2944 1215 2966 ⁴
1241 2945 1302 2979 die
1320 2954 1364 2979 .1.
1384 2945 1425 2978 in
1444 2955 1491 2978 m.

1202 2992 1216 3012 ⁵
1242 2992 1391 3026 testetur
1413 3003 1421 3026 :
1441 2992 1480 3026 P.

1202 3039 1216 3059 ⁶
1242 3038 1301 3073 die
1320 3047 1363 3072 .2.
1384 3039 1424 3071 in
1442 3049 1491 3071 m.
