2066 3392
262 191 342 234 154

259 274 389 316 causa
430 273 513 315 suit
553 272 792 314 mortiferae
845 272 1064 314 seruitutis

938 192 1259 225 SEPTEMBER.

1192 275 1236 319 {I
1260 271 1491 313 Exaltatio
1510 271 1678 324 sanfz'oe
1701 270 1840 312 crucis
1859 271 1938 312 du-

259 332 443 373 humani
484 331 670 385 generis,
702 331 757 371 fic
791 330 882 383 ipsa
912 331 1065 384 genito
1122 329 1404 383 plexmaz'ns.
1453 329 1537 370 Ad
1553 329 1754 382 vesperas,
1795 328 1937 383 Hym-

262 390 434 433 Christo
456 389 774 442 redemptionis
798 388 1008 430 salutaris.

261 523 306 569 (I
358 520 521 561 Petrus
569 517 813 560 Dorotheus
861 524 904 559 et
956 517 1064 559 Gor-

292 578 453 632 genius
473 584 694 630 martyres.
754 576 903 617 Lec‘Zz'o
924 575 1020 630 λ’ᾔῑ.

269 665 492 747 PEtruS,
524 662 790 712 Dorotheus,
816 667 861 703 et
894 661 1064 715 Gorgo-

374 723 472 763 nius
495 721 762 762 Diocletiani
789 719 1065 773 imperatoris

262 779 518 832 cubicularij
556 779 686 820 fuere.
749 777 951 831 Quorum
986 778 1065 818 Pe-

262 845 355 880 trus
381 851 483 879 cum
512 838 568 878 de
598 837 809 889 martyrio
837 835 1063 876 cuiusdam

261 897 354 945 viri,
394 896 470 949 qui
523 894 811 943 Nicomediae,
852 894 925 934 vbi
969 893 1065 934 haec

262 954 383 1008 gesta
420 954 528 1002 sunt,
559 951 707 994 edicta
747 953 1065 1005 imperatorum

262 1012 468 1053 aduersus
491 1010 747 1052 christianos
769 1010 812 1050 in
842 1009 937 1050 soro
959 1022 1065 1062 pen-

261 1070 414 1111 dentia
454 1068 750 1122 discerpserat,
782 1067 924 1108 multa
956 1067 1066 1107 libe-

262 1129 350 1169 rius
383 1128 646 1182 loqueretur,
679 1132 836 1179 captus
867 1125 952 1178 dijs
984 1125 1064 1165 im-

262 1186 428 1227 molare
469 1185 654 1228 iubetur.
716 1184 818 1237 Quo
869 1182 1065 1224 recusato

262 1243 480 1298 appensus
507 1249 614 1284 'tam
649 1242 884 1283 crudeliter
916 1240 1064 1293 flagris

263 1302 460 1350 caeditur,
481 1307 528 1342 vt
554 1300 741 1341 concissa
769 1299 885 1353 pelle
911 1311 1063 1339 carnes

262 1360 398 1401 etiam
431 1359 710 1400 laniarentur.
773 1357 875 1410 Quo
905 1356 1065 1410 suppli-

263 1419 332 1459 cio
347 1431 446 1459 cum
464 1417 570 1458 nihil
587 1430 613 1457 a
631 1415 787 1458 Christi
802 1414 1065 1456 confesfione

263 1475 567 1523 retraheretur,
599 1475 789 1515 nudatas
825 1486 977 1514 carnes
1019 1486 1065 1512 a-

264 1540 375 1583 ceto,
411 1539 455 1574 et
497 1532 582 1573 sale
623 1531 909 1586 perfunditur.
943 1543 1064 1571 cum-

263 1605 351 1646 que
391 1590 475 1631 hoc
509 1591 643 1632 etiam
675 1589 925 1630 constanter
955 1587 1066 1628 tole-

263 1649 402 1698 rasset,
424 1648 467 1689 in
500 1647 708 1689 craticula
738 1647 889 1700 prunis
921 1645 1067 1686 subter

263 1707 407 1757 strata,
422 1706 542 1747 lento
565 1706 655 1758 igni
677 1705 906 1751 cruciatur,
925 1704 1066 1744 carni-

263 1765 418 1806 ficibus
450 1778 550 1805 eum
583 1763 764 1804 subinde
795 1761 1065 1802 versantibus

264 1824 407 1864 donec
439 1822 707 1875 consumptis
740 1821 830 1874 igni
862 1820 1065 1860 carnibus

266 1879 480 1922 inui&um
513 1879 709 1933 spiritum
742 1878 785 1918 in
818 1877 905 1919 fide
936 1876 1066 1917 laetus

267 1938 506 1980 exhalauit.
568 1937 670 1991 Quo
698 1934 947 1990 spe&aculo
969 1948 1067 1988 per-

268 1995 400 2038 moti²
430 1996 685 2037 Dorotheus
708 2010 717 2035 :
739 2000 783 2035 et
814 1993 1066 2046 Gorgonius

268 2054 597 2096 Diocletianum
630 2066 730 2094 cum
763 2052 933 2092 summa
964 2064 1068 2091 con-

267 2113 426 2154 stantia
447 2118 491 2153 et
519 2111 722 2152 libertate
746 2109 814 2150 his
835 2108 979 2150 verbis
1004 2107 1067 2149 al-

267 2171 519 2224 loquuntur.
563 2169 652 2210 Cur
674 2169 916 2222 imperator
937 2167 1068 2220 punis

268 2229 311 2269 in
337 2230 467 2269 Petro
489 2227 650 2268 mentis
673 2225 946 2273 sententiam,
969 2237 1069 2277 quae

268 2286 396 2327 nobis
436 2286 498 2326 est
538 2299 638 2326 cum
681 2284 756 2325 illo
789 2282 1068 2324 communis?

270 2344 359 2386 Cur
381 2344 423 2384 in
443 2343 518 2384 illo
536 2343 699 2383 crimen
719 2341 893 2382 ducitur
917 2356 924 2381 :
948 2340 1068 2393 quod

269 2416 349 2443 nos
401 2402 555 2442 itidem
601 2398 893 2441 confitemur?
958 2398 1071 2439 Haec

269 2460 396 2501 nobis
415 2459 533 2500 fides.
556 2458 626 2498 hic
641 2457 785 2498 cultus
810 2471 818 2497 :
841 2456 935 2496 haec
953 2469 1072 2496 com-

269 2518 414 2558 munis
437 2516 661 2558 sententia.
710 2514 835 2568 Quos
857 2514 929 2554 ille
951 2526 1071 2554 com-

269 2575 503 2629 prehensos
526 2574 735 2614 similibus
764 2571 986 2625 supplicijs
1008 2570 1071 2611 af-

270 2631 419 2680 fthos,
446 2633 502 2673 ad
532 2631 735 2673 Vltimum
770 2630 928 2683 laqueo
960 2629 1071 2669 iussit

267 2690 483 2744 appensos
506 2690 651 2731 necari
673 2689 829 2743 quinto
844 2688 942 2729 idus
961 2686 1072 2740 Sep-

267 2749 462 2790 tembris.

339 2866 351 2889 ¹
378 2866 438 2901 die
456 2876 487 2911 9.
507 2867 548 2900 in
567 2878 612 2901 m.

339 2913 352 2935 ²
378 2913 575 2958 permoniti
600 2926 607 2948 :
630 2914 666 2948 P.

340 2959 353 2981 3
387 2961 473 2995 Vide
483 2963 522 3005 p.
545 2969 598 3004 54.

338 3007 352 3028 ⁴
377 3007 437 3042 die
459 3017 500 3050 14
517 3008 557 3041 in
576 3019 621 3041 m.

1132 402 1225 429 nus.

1189 460 1372 503 Vexilla
1394 460 1541 515 regis³.
1552 461 1667 515 solio
1690 461 1784 503 260.

1453 563 1620 606 Oratio.

1140 647 1333 730 DEus,
1375 646 1450 701 qui
1493 660 1574 688 nos
1615 646 1831 688 hodierna
1865 646 1939 688 die

1255 704 1543 746 exaltationis
1589 702 1748 745 sanaae
1798 705 1938 746 crucis

1133 776 1281 803 annua
1303 762 1564 804 solennitate
1578 762 1778 803 laetificas
1798 775 1808 804 ε
1825 776 1939 816 prae-

1134 821 1197 862 sta
1237 820 1487 874 quaesumus
1523 835 1532 861 ε
1570 826 1619 862 vt
1660 820 1783 861 cuius
1824 820 1937 875 mys-

1131 879 1291 920 terium
1315 879 1358 919 in
1377 884 1492 919 terra
1508 878 1799 932 cognouimus
1821 879 1938 920 :eius

1133 936 1453 990 redemptionis
1500 936 1685 990 praemia
1734 936 1779 977 in
1820 935 1938 977 coelo

1133 1008 1383 1036 mereamur
1408 1010 1416 1036 z
1437 1007 1516 1048 per
1536 994 1739 1035 eundem.
1920 1003 1928 1011 ·

1191 1100 1236 1145 (I
1269 1096 1372 1150 ‚Ad
1416 1095 1683 1138 matutinum
1734 1095 1940 1137 inuitato—

1441 1153 1591 1197 rinm‘.

1192 1229 1410 1272 Christum
1442 1243 1590 1283 regem
1623 1242 1704 1282 pro
1735 1228 1862 1270 nobis
1894 1228 1937 1270 in

1132 1302 1260 1330 cruce
1300 1288 1563 1337 exaltatum,
1596 1287 1744 1329 venite
1785 1286 1940 1328 adore-

1133 1361 1242 1388 mus,

1430 1437 1650 1491 Hymnus.

1193 1512 1358 1554 Lustris
1382 1513 1469 1554 sex.
1492 1512 1594 1554 etc.⁵
1616 1519 1665 1553 vt
1684 1511 1854 1567 infesto
1874 1511 1940 1553 in-

1133 1571 1346 1612 uentionz‘s
1353 1571 1525 1624 sanHoe
1541 1571 1679 1612 crucis
1687 1571 1804 1624 solio
1826 1568 1942 1624 592⁶.

1383 1674 1529 1716 Lemo
1551 1674 1687 1716 tertia.

1136 1759 1300 1844 CVm
1323 1760 1536 1801 extremis
1560 1760 1720 1801 Phocae
1751 1760 1942 1814 impera-

1241 1818 1348 1858 toris
1398 1818 1673 1872 temporibus
1725 1818 1942 1860 Cosdroas

1136 1876 1361 1917 Persarum
1412 1890 1493 1916 rex
1545 1874 1714 1929 imperij
1769 1876 1940 1917 romani

1135 1934 1385 1987 prouincias
1427 1933 1653 1984 inuasisset,
1687 1939 1732 1974 et
1776 1933 1940 1974 leroso-

1136 1992 1258 2045 lyma
1289 1997 1432 2045 capta,
1456 1991 1690 2045 multisque
1721 1991 1780 2032 ibi
1812 1991 1942 2032 chris-

1135 2050 1358 2091 tianorum
1382 2048 1560 2090 milibus
1582 2049 1742 2096 occifis,
1765 2055 1940 2103 partem

1135 2107 1371 2148 dominicae
1393 2107 1532 2148 crucis
1555 2107 1597 2147 in
1617 2106 1820 2148 caluariae
1842 2106 1941 2148 loco

1136 2166 1193 2206 ab
1231 2165 1407 2206 Helena
1438 2165 1734 2214 constitutam,
1766 2164 1810 2205 in
1843 2178 1940 2218 per-

1138 2221 1294 2263 fidem⁷
1310 2222 1600 2271 transtulisset,
1615 2222 1852 2277 Aegyptus
1866 2222 1942 2263 de·
2014 2262 2017 2265 .

1136 2281 1239 2321 inde
1254 2287 1386 2334 atque
1401 2280 1554 2321 Africa
1568 2280 1789 2334 persarum
1807 2280 1940 2320 armis

1137 2338 1356 2387 cessissent,
1393 2338 1626 2379 Heraclius
1662 2338 1738 2391 qui
1781 2336 1939 2379 Phocae

1139 2397 1340 2445 successit,
1373 2396 1547 2449 magnis
1589 2393 1773 2436 affectus
1805 2395 1943 2436 cladi-

1138 2455 1220 2495 bus
1261 2467 1416 2508 pacem
1458 2467 1484 2494 a
1537 2453 1731 2494 Cosdroa
1771 2453 1940 2506 petiuit.

1140 2512 1288 2565 Quam
1320 2524 1420 2552 cum
1459 2524 1622 2564 magno
1654 2511 1824 2551 romani
1861 2511 1944 2551 im-

1139 2569 1246 2623 perij
1271 2569 1487 2610 dedecore
1509 2568 1650 2609 suerat
1672 2573 1941 2622 accepturus.

1140 2628 1362 2669 Caeterum
1385 2639 1485 2667 cum
1508 2625 1674 2667 nullam
1697 2639 1724 2666 a
1751 2625 1940 2666 barbaro

1138 2684 1260 2725 hoste
1282 2682 1477 2738 vif’torijs
1500 2683 1711 2724 insolente
1734 2683 1941 2737 impetra-

1138 2748 1216 2792 ret,
1257 2741 1417 2784 Christi
1459 2742 1639 2782 numine
1682 2740 1855 2795 ieiunijs
1896 2746 1942 2782 et

1211 2862 1224 2885 ⁵
1249 2868 1318 2898 etc.
1343 2874 1350 2897 :
1369 2874 1437 2897 om.
1459 2863 1496 2897 P.
1513 2863 1557 2898 A.

1210 2910 1224 2930 ‘³
1259 2910 1346 2944 Vide
1355 2913 1395 2955 p.
1420 2910 1493 2944 128.

1211 2956 1223 2979 ⁷
1252 2957 1434 2992 Persidem
1458 2969 1464 2992 :
1487 2958 1527 2991 R.
1551 2958 1587 2991 P.
1605 2956 1647 2991 A.
