2066 3392
847 257 999 299 xxxix

476 611 692 654 IVLIVS
739 611 959 654 HABET
1002 611 1151 654 DIES
1195 612 1371 654 XXXI.

119 768 198 804 Au.
225 778 288 804 nu.
358 768 460 803 Dies.

123 838 195 873 xix
236 836 250 860 ¹
318 837 493 873 Calendis

118 896 197 932 viii
224 896 261 931 A
347 895 393 930 vi
406 906 462 930 no.

228 953 254 989 b
354 964 382 988 v
397 963 456 988 no.

113 1012 187 1048 xvi
230 1022 251 1046 c
338 1012 403 1046 iiii
417 1022 473 1046 no.

141 1081 170 1106 v
227 1069 254 1105 d
340 1069 391 1105 iii
404 1080 462 1104 no.

231 1138 253 1163 e
312 1127 415 1174 p'die
431 1138 488 1162 no.

115 1184 195 1221 xiii
231 1183 251 1220 f
333 1185 459 1221 Nonis

138 1243 173 1279 ii
225 1253 251 1288 g
329 1243 406 1278 viii
419 1243 469 1278 id.

222 1301 259 1337 A
337 1302 398 1337 vii
411 1302 461 1336 id.

138 1370 170 1396 x
227 1359 254 1395 b
346 1361 392 1395 vi
405 1360 454 1395 id.

231 1429 253 1454 c
357 1429 381 1452 v
398 1418 446 1453 id.

33 1527 62 1564 ‘v-
123 1533 186 1570 vii
234 1544 256 1569 e
344 1534 395 1569 iii
407 1534 456 1570 id.

35 1609 66 1636 z„
233 1591 252 1627 f
309 1592 412 1638 p'die
427 1593 478 1627 id.

11 1643 63 1678 ''v“
123 1660 184 1686 xv
230 1661 256 1696 g
325 1650 456 1686 Idibus

122 1708 188 1744 iiii
224 1709 259 1744 A
314 1709 404 1744 xvii
417 1709 491 1744 cal’

228 1766 254 1803 b
317 1768 390 1802 xvi
403 1766 466 1803 cal
467 1767 476 1784 ’

121 1824 184 1860 xii
231 1835 253 1861 c
323 1836 384 1860 xv
399 1826 470 1861 cal’

147 1882 167 1917 i
230 1882 256 1918 d
317 1884 410 1918 xiiii
424 1884 491 1919 cal’

231 1951 255 1977 e
316 1941 394 1977 xiii
407 1941 480 1977 cal'

135 1997 180 2034 ix·
234 1998 253 2034 f
324 2000 472 2035 xit'cal'

229 2067 256 2104 g
331 2058 378 2093 :ci
391 2059 466 2094 cal'

111 2115 205 2150 xvii
226 2115 262 2152 A
344 2127 374 2151 x
388 2116 462 2152 cal'

141 2173 189 2209 vi
231 2173 258 2210 b
340 2175 384 2210 ix
398 2176 470 2211 cal’

234 2241 256 2267 c
330 2232 393 2268 viii
412 2233 471 2268 cal

109 2288 203 2324 xiiii
232 2288 259 2325 d
333 2291 396 2326 vii
408 2291 473 2326 cal

131 2346 183 2382 iia·
233 2358 255 2383 e
343 2349 388 2384 vi
401 2349 463 2384 cal
467 2348 475 2364 ’

237 2403 255 2440 f
353 2417 380 2441 v
396 2407 468 2442 cal'

347 2464 402 2473 σοι.

120 2520 195 2558 xix
227 2522 263 2558 A
345 2523 394 2559 iii
406 2524 469 2559 cal
471 2523 480 2541 '

140 2704 443 2739 ¹2zaeaR.P.A.

206 3137 293 3173 EN

698 767 816 813 Festa,
834 771 871 803 et
885 768 973 803 alt'oe
995 768 1031 802 T
1025 768 1129 803 ertiae
1145 767 1320 803 lec‘Jz'ones.
1566 767 1639 814 sol.
1673 765 1688 814 [
1694 765 1752 814 p.]

582 846 594 871 1
626 837 683 872 Ex
694 837 903 883 epistolaad
913 836 1177 883 Philippenses.
1193 837 1560 884 Itaque²charisfimi.
1577 838 1645 883 516
1686 834 1764 882 [93]

578 904 598 930 2
633 894 799 941 Vzsttatio
815 896 959 931 Marioe
974 897 1029 931 ad
1040 895 1242 941 Elzsabetlt.
1261 896 1403 943 duplex
1417 897 1552 931 maius.
1575 896 1647 931 600
1662 893 1764 942 [139]

579 962 600 997 3
626 953 683 988 Ex
694 953 848 999 epistola
858 954 907 989 ad
920 954 1184 1000 Philippenses.
1201 955 1260 990 De
1271 960 1409 990 caetero
1420 953 1563 990 fratres.
1578 962 1644 999 517
1686 950 1764 999 [93]

577 1021 599 1055 4
625 1011 684 1046 Ex
700 1011 854 1058 epistola
871 1012 920 1047 ad
939 1012 1204 1058 Philippenses.
1257 1014 1390 1059 Itaque
1406 1013 1550 1048 fratres.
1577 1013 1644 1059 518
1685 1010 1764 1059 [93]

578 1077 596 1115 5
626 1070 684 1104 Ex
701 1070 855 1116 epistola
871 1069 921 1105 ad
939 1070 1175 1106 Colossenses.
1203 1071 1340 1106 Paulus
1358 1071 1554 1118 apostolus.
1576 1079 1644 1116 549
1685 1069 1763 1116 [97]

575 1128 598 1163 6
623 1129 682 1163 Ex
699 1128 853 1174 epistola
869 1128 918 1163 ad
937 1128 1174 1164 Coloffenses.
1227 1129 1277 1164 Et
1295 1141 1362 1164 vos
1379 1140 1476 1165 eum.
1574 1137 1645 1174 550
1685 1126 1763 1174 [98]

579 1194 599 1230 7
626 1186 685 1221 Ex
702 1186 855 1233 epistola
871 1186 919 1222 ad
940 1186 1175 1222 Colossenses.
1225 1187 1361 1223 Videte
1379 1199 1426 1223 ne
1443 1187 1537 1234 quis.
1577 1195 1641 1232 551
1686 1184 1764 1232 [98]

576 1244 597 1278 8
624 1244 683 1279 Ex
699 1244 853 1290 epistola
869 1245 918 1279 ad
939 1244 1174 1280 Colossenses.
1228 1245 1347 1290 Igitur
1364 1245 1398 1280 fi.
1577 1253 1643 1290 552
1685 1243 1763 1291 [98]

575 1312 599 1347 9
626 1302 683 1338 Ex
700 1302 856 1348 epistola
873 1303 922 1338 ad
941 1302 1179 1339 Colossenses.
1232 1303 1387 1338 Domini
1406 1303 1517 1350 quod.
1577 1311 1642 1348 553
1685 1301 1763 1349 [98]

557 1370 600 1396 10
622 1361 703 1396 ³Ex
720 1361 874 1408 epistola
890 1361 925 1397 .i.
946 1361 1074 1397 Petri.³
1130 1363 1262 1397 Petrus
1280 1362 1476 1408 apostolus.
1577 1370 1645 1407 554
1685 1359 1764 1408 [98]

558 1428 595 1454 11
626 1419 713 1454 Pius
730 1430 830 1465 papa
847 1418 1035 1455 confeffor.
1575 1419 1646 1454 600
1662 1417 1764 1465 [139]

558 1486 598 1512 12
626 1477 685 1512 Ex
702 1477 855 1523 epistola
871 1477 904 1513 .i.
927 1477 1036 1514 Petri.
1090 1479 1245 1524 Propter
1262 1478 1372 1525 quod.
1576 1477 1645 1523 556
1686 1476 1764 1524 [99]

559 1544 600 1579 ¹3
626 1534 831 1571 Anacletus
849 1547 949 1581 papa
967 1542 1116 1581 martyr.
1574 1535 1639 1571 601
1661 1534 1764 1582 [140]

559 1602 601 1636 14
627 1594 893 1629 Bonauentura
909 1594 1120 1630 cardinalis.
1170 1595 1267 1630 Fuit
1281 1594 1373 1630 lteri.
1575 1594 1639 1629 601
1662 1592 1764 1641 [140]

560 1660 599 1696 15
627 1652 686 1687 Ex
702 1652 855 1698 epistola
874 1651 907 1687 .i.
930 1652 1038 1688 Petri.
1061 1683 1065 1686 .
1093 1653 1346 1698 Deponentes.
1579 1661 1644 1698 557
1687 1650 1764 1698 [99]

558 1709 600 1744 16
627 1710 684 1745 Ex
701 1709 855 1756 epistola
871 1710 906 1746 .i.
927 1711 1037 1746 Petri.
1090 1711 1308 1747 Charissimi.
1578 1711 1644 1757 558
1686 1709 1764 1757 [99]

557 1776 597 1811 17
625 1769 682 1803 Ex
700 1768 853 1814 epistola
870 1768 903 1803 .i.
925 1768 1034 1804 Petri.
1087 1769 1266 1805 Similiter
1282 1775 1330 1806 et.
1578 1777 1646 1815 559
1686 1767 1764 1815 [99]

560 1827 599 1861 18
627 1826 880 1872 Symphorosa
897 1837 983 1862 curn
1000 1827 1139 1873 septem
1157 1827 1243 1872 filijs
1259 1828 1497 1873 martyribus.
1574 1827 1639 1863 601
1662 1825 1764 1874 [140]

562 1894 604 1928 19
630 1885 688 1919 Ex
705 1885 859 1931 epistola
876 1885 910 1920 .i.
931 1885 1041 1920 Petri.
1094 1885 1239 1920 Christo
1257 1885 1378 1931 igitur.
1578 1886 1646 1931 560
1686 1883 1764 1931 [99]

555 1952 602 1977 20
626 1943 684 1978 Ex
701 1942 856 1989 epistola
874 1943 907 1978 .i.
929 1942 1037 1978 Petri.
1091 1943 1266 1978 Seniores
1283 1954 1381 1988 ergo.
1577 1943 1639 1988 561
1686 1942 1764 1990 [99]

554 2011 595 2036 21
627 2001 804 2036 Praxedis
821 2001 936 2046 virgo.
1575 2001 1640 2036 601
1663 1999 1765 2048 [141]

555 2069 599 2095 22
625 2060 760 2094 Μανία
777 2059 1011 2106 Magdalena
1029 2059 1172 2105 duplex
1187 2060 1323 2095 minus.
1575 2061 1643 2095 602
1663 2058 1764 2106 [141]

557 2127 601 2162 ²3
629 2118 686 2152 Ex
703 2118 856 2164 epistola
873 2117 920 2163 .ij.
943 2118 1052 2153 Petri.
1105 2118 1235 2153 Simon
1257 2119 1399 2154 Petrus.
1578 2118 1645 2163 563
1663 2117 1764 2165 [100]

556 2186 601 2220 24
629 2176 686 2211 Ex
703 2176 857 2222 epistola
874 2176 920 2222 .ij.
943 2176 1052 2212 Petri.
1106 2177 1217 2212 Dabo
1235 2182 1371 2213 autem.
1579 2176 1647 2222 564
1662 2175 1764 2224 [100]

555 2242 597 2279 25
625 2234 781 2269 Iacobus
796 2234 981 2281 apostolus
997 2235 1141 2281 duplex
1155 2236 1289 2270 maius.
1576 2235 1645 2280 603
1663 2234 1765 2282 [142]

555 2291 601 2327 26
625 2291 745 2327 Anna
763 2296 885 2328 mater
899 2293 1042 2328 Mariae
1059 2292 1230 2340 virginis
1244 2292 1387 2338 duplex
1402 2293 1538 2327 minus.
1575 2294 1644 2338 603
1662 2292 1764 2340 [143]

553 2358 597 2392 27
626 2350 684 2385 Ex
701 2350 854 2396 epistola
871 2350 919 2395 .ij.
940 2350 1048 2386 Petri.
1102 2350 1222 2386 Nouit
1239 2350 1426 2386 dominus.
1576 2352 1641 2397 565
1661 2350 1763 2398 [100]

555 2407 600 2443 28
628 2408 686 2443 Ex
705 2408 859 2454 epistola
876 2407 924 2453 .ij.
946 2409 1054 2444 Petri.
1108 2409 1220 2444 Hanc
1237 2419 1335 2445 ecce.
1577 2410 1646 2455 566
1662 2408 1765 2456 [100]

557 2475 602 2510 29
630 2465 802 2502 Martha⁴
818 2466 933 2513 virgo.
1575 2468 1644 2513 603
1662 2467 1764 2515 [143]

554 2533 600 2569 30
625 2524 683 2559 Ex
699 2523 854 2570 epistola
868 2524 900 2560 .i.
915 2525 964 2561 ad
979 2525 1205 2561 Corinthios.
1237 2526 1374 2562 Paulus
1392 2533 1558 2562 vocatus
1578 2536 1645 2573 327
1687 2526 1765 2574 [64]

231 2579 257 2616 b
317 2580 419 2627 p'die
435 2581 507 2617 cal’
556 2592 596 2626 31
628 2582 685 2617 Ex
702 2582 856 2628 epistola
874 2584 907 2619 .i.
927 2583 976 2619 ad
994 2584 1221 2620 Corinthios.
1273 2584 1408 2620 Videte
1426 2585 1557 2620 enim⁵.
1577 2585 1645 2630 328
1686 2583 1764 2632 [65]

582 2711 593 2727 ¹
615 2710 739 2745 Ideoque
762 2719 767 2738 z
790 2712 818 2738 Ρ.
958 2712 1000 2729 ³·³
1019 2722 1054 2739 ex
1067 2712 1182 2746 epistola
1195 2712 1231 2739 ad
1245 2713 1304 2740 Col.
1323 2723 1329 2740 ι
1346 2713 1378 2740 Ρ.
1516 2714 1527 2731 ⁴
1548 2713 1640 2740 Maria
1656 2725 1662 2742 :
1679 2714 1708 2741 P.

454 2755 466 2772 ⁵
485 2756 544 2782 Leo
561 2757 693 2783 calidum
710 2760 739 2783 et
748 2756 868 2790 succum,
880 2756 1003 2790 signum
1022 2759 1145 2785 rnatum.

489 2799 546 2827 cor
563 2806 663 2833 gravat
681 2806 710 2828 et
726 2807 854 2827 ventrem
872 2802 963 2834 tangit
981 2810 1045 2829 cum
1066 2802 1146 2829 Luna
1165 2802 1296 2829 Leonem.

486 2844 583 2872 Vestes
600 2854 655 2873 non
675 2845 770 2878 facias,
789 2855 844 2872 non
862 2846 898 2873 ad
917 2846 1049 2873 conuiuia
1069 2847 1178 2878 tendas.

488 2889 523 2916 Et
539 2890 576 2916 nil
595 2899 643 2917 ore
663 2900 767 2923 vomas,
789 2900 841 2918 nec
861 2898 928 2918 tunc
946 2892 1132 2919 medicamina
1151 2893 1250 2919 sumas.
1287 2893 1354 2920 acm.
1381 2894 1408 2919 1‘.

1620 3142 1653 3182 d
