2066 3392
672 230 832 262 SABBA
839 229 903 262 To
932 229 1005 262 AD
1034 230 1098 262 LA
1107 230 1248 264 UDES.
1757 226 1772 257 1
1782 225 1806 268 7

193 308 526 364 Deuorabitque
540 314 700 350 terram
719 320 819 348 cum
837 320 934 360 ger-

133 368 252 409 mine
285 367 359 410 suo
392 383 402 410 z
437 374 482 408 et
519 366 738 407 montium
776 365 933 406 sunda-

133 432 284 467 menta
314 425 556 467 comburet.

190 482 484 537 congregabo
512 482 639 536 super
669 494 745 522 eos
772 479 889 522 mala
924 494 932 520 ε

131 546 177 583 et
199 540 378 595 sagittas
401 554 522 582 meas
539 539 775 593 complebo
792 539 836 579 in
858 538 932 579 eis.

190 598 514 642 Consumentur
534 597 651 638 fame
676 603 722 638 et
747 596 933 638 deuora-

131 656 244 698 bunt
264 670 341 698 eos
362 670 467 697 aues
491 655 634 697 morsu
658 654 932 703 amarissimo,

190 714 360 756 Dentes
381 714 613 755 bestiarum
632 713 870 754 immittam
888 712 932 752 in

132 785 208 814 eos
226 787 235 813 :
250 785 352 815 cum
370 771 513 814 surore
526 770 794 813 trahentium
810 769 936 824 super

133 836 310 879 terram,
329 836 464 884 atque
486 828 760 883 serpentium.

195 887 319 929 Foris
351 887 539 929 vastabit
569 900 644 928 eos
674 885 860 940 gladius,
890 890 935 926 et

135 945 254 986 intus
279 959 418 999 pauor
450 960 459 986 :
492 945 695 986 iuuenem
730 943 853 984 simul
884 957 935 984 ac

135 1003 364 1058 virginem,
379 1000 616 1044 laEtentem
633 1015 734 1044 cum
756 1001 936 1042 homine

137 1059 248 1103 sene.

196 1118 256 1160 Et
276 1118 384 1168 dixi,
399 1118 594 1160 Vbinam
619 1117 746 1158 sunt?
776 1116 935 1158 cessare

136 1174 295 1218 faciam
315 1189 375 1218 ex
396 1176 649 1218 horninibus
677 1175 935 1216 memoriam

137 1246 304 1276 eorum.

196 1291 286 1334 Sed
313 1297 494 1345 propter
520 1291 629 1332 iram
658 1290 934 1332 inimicorum

136 1348 280 1391 distuli
296 1363 374 1392 :ne
389 1349 501 1391 sorte
514 1348 936 1404 superbirenthostes

136 1421 301 1456 eorum,

197 1465 257 1508 Et
276 1465 482 1515 dicerent,
505 1464 667 1506 Manus
689 1463 832 1505 nostra
857 1477 936 1505 ex-

135 1522 248 1565 celsa
271 1538 280 1565 z
303 1529 348 1565 et
368 1536 456 1565 non
478 1522 696 1572 dominuS,
717 1521 820 1564 fecit
841 1520 937 1564 haec

136 1581 297 1623 omnia.

197 1637 317 1681 Gens
332 1637 494 1693 absque
510 1637 686 1679 consilio
702 1636 775 1686 est,
790 1643 835 1679 et
850 1637 935 1679 sine

137 1696 371 1751 prudentia
409 1712 419 1738 ε
452 1696 620 1739 vtinam
657 1695 856 1749 saperent
891 1702 936 1737 et

137 1753 442 1809 intelligerent,
463 1767 514 1796 ac
537 1754 764 1795 nouiffima
788 1754 936 1808 proui-

137 1812 303 1854 derent.

196 1868 438 1924 Quomodo
487 1869 772 1924 persequatur
823 1882 935 1910 vnus

140 1926 261 1970 mille
293 1942 303 1969 z
337 1933 383 1970 et
417 1927 507 1969 duo
541 1926 746 1982 fugarent
780 1927 934 1969 decem

140 1983 279 2027 millia
293 1983 310 2026 ἓ

200 2041 362 2084 Nonne
402 2042 514 2092 ideo,
549 2042 654 2097 quia
693 2042 804 2084 deus
836 2041 936 2084 suus

139 2099 338 2142 vendidit
370 2113 446 2141 eos
481 2115 490 2141 ε
522 2106 567 2141 et
596 2100 804 2142 dominus
835 2114 935 2141 con-

140 2156 263 2199 clusit
284 2156 413 2199 illos?

199 2215 302 2257 Non
335 2215 452 2256 enim
482 2214 542 2256 est
570 2215 680 2256 deus
707 2214 860 2262 noster,
890 2221 937 2257 vt

138 2271 199 2325 dij
223 2285 373 2314 eorum
396 2287 405 2313 ε
426 2279 470 2314 et
492 2272 654 2324 inimici
684 2272 813 2314 nostri
843 2272 939 2315 sunt

142 2330 319 2371 iudices.

199 2387 269 2429 De
304 2387 432 2429 vinea
471 2387 780 2435 Sodomorum,
812 2388 939 2430 vinea

139 2458 290 2487 eorum
329 2459 338 2486 t
373 2451 417 2486 et
454 2444 510 2486 de
551 2444 806 2487 suburbanis
850 2445 939 2487 Go-

142 2502 343 2544 morrhae.

199 2559 563 2611 Vuaeorum‚vua
578 2558 689 2602 sellis
703 2575 711 2602 :
727 2566 771 2602 et
786 2560 938 2602 botrus

141 2617 440 2659 amarissimus,

201 2673 279 2716 Fel
304 2675 545 2716 draconum
567 2675 717 2717 vinum
747 2688 896 2718 eorum
930 2690 939 2719 ε

142 2738 187 2774 et
208 2745 424 2774 venenum
446 2731 644 2787 aspidum
667 2732 914 2775 insanabile.

203 2788 363 2831 Nonne
383 2789 478 2831 haec
498 2790 676 2831 condita
699 2789 794 2832 sunt
820 2792 937 2846 apud

145 2859 215 2888 me
238 2862 246 2887 z
266 2853 310 2888 et
332 2846 498 2900 fignata
520 2847 561 2888 in
579 2847 789 2889 thesauris
807 2849 940 2891 meis?

204 2904 306 2946 Mea
326 2903 386 2946 cst
403 2904 511 2946 vltio
530 2911 574 2946 ct
595 2919 679 2959 ego
701 2906 937 2948 retribuam

485 3015 494 3038 ¹
522 3016 671 3052 dicent:
697 3018 740 3053 Α.

263 3095 298 3127 B.
323 3094 364 3127 N.

1001 306 1063 348 eis
1101 307 1143 348 in
1186 312 1400 361 tempore,
1433 313 1480 348 vt
1517 306 1693 349 labatur
1726 321 1806 362 pes

1001 378 1175 405 eorum:

1061 422 1197 464 quta
1226 422 1286 464 est
1315 423 1410 464 dies
1439 422 1733 477 perditionis:
1760 427 1806 464 et

1000 480 1144 522 adesse
1167 480 1370 522 festinant
1392 487 1605 534 tempora.

1060 538 1280 580 Iudicabit
1330 539 1538 580 dominus
1588 537 1804 593 populum

1000 595 1122 637 suum
1157 611 1166 638 :
1198 602 1244 638 et
1276 597 1319 638 in
1351 596 1482 638 seruis
1514 596 1597 638 suis
1633 595 1806 638 misere-

1000 654 1131 695 bitur.

1059 711 1245 754 Videbit
1265 713 1384 767 quod
1409 711 1630 754 infirmata
1646 712 1695 754 fit
1713 726 1805 754 ma-

1002 783 1085 810 nus
1105 783 1114 811 :
1135 777 1180 812 et
1196 770 1324 812 clausi
1342 784 1519 824 quoque
1536 770 1803 820 defecerunt,

1003 827 1246 882 residuique
1267 829 1515 882 consumpti
1539 828 1647 872 sunt.

1064 886 1123 927 Et
1140 885 1289 936 dicet¹‚
1308 887 1397 928 Vbi
1420 886 1517 927 sunt
1539 886 1598 940 dij
1624 900 1776 928 eorum
1795 902 1804 930 :

1004 943 1046 984 in
1069 943 1228 997 quibus
1249 943 1476 986 habebant
1496 944 1704 986 fiduciam
1721 944 1737 986 ?

1063 1002 1134 1043 De
1164 1015 1352 1056 quorum
1382 1001 1572 1044 νὶξὶίῐηίε
1601 1003 1805 1045 comede-

1003 1059 1112 1101 bant
1133 1060 1287 1114 adipes
1309 1074 1320 1102 :
1343 1065 1388 1101 et
1416 1060 1630 1102 bibebant
1651 1061 1802 1102 vinum

1003 1117 1276 1160 libaminum.

1063 1174 1271 1229 Surgant,
1292 1181 1336 1217 et
1364 1174 1638 1230 opitulentur
1666 1175 1806 1226 vobis,

1002 1238 1047 1275 et
1069 1233 1111 1274 in
1135 1234 1384 1276 necessitate
1403 1247 1482 1276 vos
1504 1240 1753 1288 protegant.

1059 1291 1222 1333 Videte
1243 1292 1362 1345 quod
1385 1305 1469 1345 ego
1490 1292 1566 1333 ssm
1595 1291 1708 1333 solus
1730 1307 1740 1334 ε
1761 1297 1806 1335 et

1003 1362 1090 1390 non
1114 1348 1163 1390 fit
1184 1349 1294 1390 alius
1316 1349 1426 1391 deus
1448 1355 1609 1404 praeter
1629 1363 1714 1400 me,

1063 1407 1162 1460 Ego
1183 1407 1395 1457 occidam,
1412 1414 1456 1449 et
1473 1421 1557 1461 ego
1573 1408 1720 1450 viuere
1743 1407 1806 1449 sa-

1003 1465 1116 1505 ciam
1141 1478 1151 1507 :
1173 1466 1430 1519 percutiam,
1449 1471 1494 1507 et
1511 1479 1595 1520 ego
1617 1465 1806 1508 sanabo:

1004 1529 1047 1564 et
1063 1536 1149 1564 non
1167 1522 1238 1572 est,
1255 1523 1329 1578 qui
1345 1524 1400 1565 de
1416 1537 1549 1565 manu
1565 1537 1664 1565 mea
1680 1524 1807 1579 poffit

1002 1594 1163 1622 eruere.

1061 1637 1244 1680 Leuabo
1260 1639 1316 1680 ad
1334 1638 1497 1680 coelum
1515 1652 1696 1681 manum
1717 1653 1807 1682 me-

1002 1709 1073 1737 am
1098 1712 1106 1738 :
1128 1703 1173 1738 et
1189 1697 1349 1745 dicam,
1367 1697 1487 1740 Viuo
1503 1711 1588 1752 ego
1610 1698 1653 1739 in
1680 1703 1807 1739 aeter-

1003 1768 1123 1796 num.

1062 1812 1110 1854 Si
1145 1825 1305 1854 acuero
1340 1818 1388 1855 vt
1422 1812 1569 1868 fulgur
1603 1813 1804 1868 gladium

1004 1883 1151 1912 meum
1194 1885 1202 1911 :
1243 1876 1286 1912 et
1327 1871 1558 1926 arripuerit
1594 1871 1804 1913 iudicium

1003 1941 1162 1969 manus
1194 1941 1306 1979 mea,

1062 1986 1267 2027 Reddam
1332 1985 1546 2028 vltionem
1610 1985 1806 2029 hostibus

1004 2043 1112 2084 meis
1135 2058 1143 2085 :
1165 2050 1209 2085 et
1230 2043 1311 2095 his,
1333 2043 1408 2098 qui
1430 2044 1619 2087 oderunt
1641 2058 1726 2095 me,
1742 2059 1807 2088 re-

1004 2101 1208 2143 tribuam.

1064 2159 1300 2200 Inebriabo
1333 2158 1514 2212 sagittas
1550 2172 1672 2201 meas
1713 2159 1806 2202 san-

1003 2216 1135 2270 guine
1167 2231 1175 2257 :
1205 2223 1250 2258 et
1277 2216 1452 2271 gladius
1479 2230 1603 2259 meus
1624 2218 1808 2260 deuora-

1007 2275 1069 2315 bit
1092 2287 1257 2324 carnes,

1066 2331 1135 2372 De
1170 2345 1322 2373 cruore
1358 2331 1597 2374 occisorum
1631 2348 1639 2375 :
1671 2339 1715 2375 et
1751 2334 1808 2376 de

1006 2389 1267 2443 captiuitate
1318 2390 1472 2431 nudati
1530 2391 1808 2434 inimicorum

1006 2447 1176 2500 capitis.

1068 2504 1271 2546 Laudate
1293 2511 1449 2559 gentes
1470 2506 1684 2560 populum
1702 2507 1808 2558 eius,

1006 2562 1110 2616 quia
1127 2561 1382 2616 sanguinem
1399 2563 1617 2606 seruorum
1635 2564 1807 2608 suorum

1007 2619 1244 2670 vlciscetur,

1066 2676 1374 2720 Etvindie'tam
1390 2679 1600 2722 retribuet
1615 2680 1657 2722 in
1666 2680 1810 2723 hostes

1007 2747 1158 2777 eorum
1195 2749 1205 2778 ε
1238 2742 1282 2778 et
1317 2737 1534 2791 propitius
1567 2739 1648 2781 erit
1682 2745 1809 2782 terrae

1008 2792 1158 2848 populi
1183 2793 1255 2837 sui.

1086 2906 1253 2949 Deinde
1276 2907 1554 2951 Benedictus.
1565 2910 1632 2963 fa.
1658 2910 1710 2962 ς’.

1234 3020 1247 3042 ²
1271 3020 1358 3055 vide
1376 3033 1408 3067 p.
1425 3031 1453 3056 2.

1672 3105 1695 3134 2
