2066 3392
9 1066 11 1071 ,
0 932 11 1036 “mave-q
0 852 10 921 -μψη-
0 832 6 842 Α,
0 751 2 767 ἡ

946 216 1006 258 liii

766 307 824 342 fol.
873 307 924 353 p.]
1632 305 1691 342 fol.
1735 305 1804 353 [μ]

147 354 388 391 Praesentatio
406 355 560 399 virginis
761 354 831 394 ,626
870 364 934 398 170
1013 355 1246 391 Timotheus.
1634 363 1698 399 577
1741 365 1802 398 109

147 404 278 438 Petrus
295 403 488 449 episcopus
761 402 829 445 627
869 411 932 446 173
1014 404 1184 438 Thomas
1201 401 1360 448 aquinas
1633 402 1701 446 584
1740 402 1802 436 118

1015 448 1339 495 Transfiguratiol.
1629 448 1698 492 605
1739 458 1799 493 145

147 493 409 540 Quadraginta
426 494 564 528 milites
1014 498 1183 532 Thomas
1201 497 1387 542 apostolus
1411 495 1551 542 601sic
1579 493 1660 542 [631
1681 507 1716 541 p.
1738 505 1802 540 179

237 548 420 586 martyres
761 541 825 586 585
846 537 949 586 [119]
1013 545 1182 580 Thomas
1199 543 1500 589 archiepiscopus
1629 543 1699 587 634
1717 541 1803 589 [183

147 633 301 670 Simeon
319 633 512 680 episcopus
762 633 829 677 582
869 641 930 678 115
1013 634 1236 670 Vincentius
1253 639 1289 668 et
1306 633 1519 668 Anastasius
1633 633 1701 678 576
1740 633 1802 667 108

146 680 406 726 symphorosa.
759 681 825 715 601
868 689 934 723 140
1014 682 1248 725 Valerianus,
1266 680 1473 726 Tyburtius
1634 680 1700 725 588
1739 690 1804 723 ’24

147 729 361 774 Stephanus
379 739 480 774 papa
759 727 829 770 604
869 736 932 770 144
1014 729 1156 773 Victor,
1174 734 1212 764 et
1230 730 1381 764 Corona
1635 736 1701 772 593
1740 737 1798 771 131

145 775 283 810 Sancte
304 776 436 810 Mariae
455 775 504 810 ad
517 774 632 809 niues.
757 774 827 819 605
870 784 930 818 145
1015 777 1192 811 Vrbanus
1210 787 1320 822 papa.
1633 784 1701 820 594
1739 785 1798 818 131

147 822 329 868 Seraphia
760 821 831 856 610
868 830 930 866 152
1015 823 1184 859 Vifitatio
1202 822 1354 858 mariae2
1608 823 1700 870 ι600
1740 832 1803 866 139

146 869 288 913 Simon,
307 875 343 904 et
364 869 489 904 Iudas.
761 868 832 903 620
869 868 933 911 164
1015 871 1179 906 Vincula
1196 870 1311 905 sancti
1330 870 1425 916 petri
1631 869 1701 912 604
1741 879 1805 912 144

147 917 371 951 Saturninus
390 923 425 951 et
446 916 625 951 Sismnius
760 916 828 950 628
869 925 933 958 174

145 964 359 1009 Stephanus
378 970 630 1009 protomartyr
761 963 831 1007 633
871 963 928 998 181
1016 963 1151 1007 Xystus
1169 962 1322 1008 primus.
1635 963 1702 1007 587
1741 961 1821 1007 123]

146 1011 330 1056 Syluester
346 1022 456 1057 papa.
760 1010 827 1055 635
869 1009 933 1054 183
1016 1009 1151 1055 Xystus
1168 1009 1350 1044 secundus
1633 1011 1703 1045 606
1742 1008 1821 1055 147]

144 1103 428 1148 Thelesphorus.
761 1110 827 1148 572
846 1100 948 1148 [103]
1016 1099 1266 1147 zepherinus—³,
1633 1101 1704 1147 609
1720 1100 1822 1148 [150]

217 1341 268 1387 ss
313 1341 437 1376 Index
467 1341 792 1376 Inuitatoriorum
822 1344 859 1375 et
889 1339 1117 1385 hymnorum
1147 1338 1390 1373 dicendorum
1415 1341 1491 1384 per
1521 1341 1641 1373 totum
1674 1351 1821 1374 annum

144 1389 358 1436 quandofit
371 1388 532 1435 officium
549 1389 594 1423 de
609 1388 798 1423 dominica
817 1387 881 1422 vel
882 1387 1003 1432 feria.

219 1467 273 1513 ([
332 1469 376 1503 In
394 1466 579 1503 aduentu⁴
599 1467 873 1502 Inuitatorium.
906 1465 1071 1502 Domine
1087 1467 1352 1512 praestolamur.
1372 1467 1439 1502 &c.
1601 1467 1661 1502 sol.
1683 1472 1726 1510 76
1744 1465 1822 1608 [191

336 1516 511 1560 Hymnus
529 1514 577 1550 ad
595 1515 832 1550 matutinum.
910 1515 991 1549 Vox
1009 1514 1119 1548 clara.
1683 1516 1728 1558 76
1763 1524 1807 1549 20

335 1564 511 1608 Hymnus
528 1562 577 1597 ad
595 1561 775 1608 vesperas.
911 1562 1105 1597 Conditor.
1682 1563 1728 1597 80
1745 1562 1807 1608 [24

218 1631 272 1678 (s
328 1633 388 1668 Ab
406 1638 541 1667 octaua
558 1631 772 1677 epiphaniae
789 1630 902 1677 vsque
918 1631 968 1666 ad
986 1630 1118 1666 feriam
1137 1637 1310 1676 quartam
1329 1631 1510 1675 cinerum,
1530 1638 1564 1667 et
1584 1643 1606 1666 a
1630 1632 1822 1668 dominica

144 1679 267 1727 prima
283 1681 363 1727 post
379 1679 617 1725 pentecosten
635 1679 747 1724 vsque
765 1678 814 1713 ad
831 1678 1050 1713 aduentum.

334 1726 606 1762 Inuitatorium.
912 1725 1130 1768 Dominum,
1149 1725 1212 1771 qui
1231 1725 1319 1761 fecit
1337 1726 1435 1762 nos⁵.
1662 1728 1724 1772 183
1761 1737 1805 1772 39

333 1775 397 1819 Hy
399 1785 509 1809 mnus
528 1774 575 1808 ad
594 1772 831 1808 matutinum.
909 1773 1032 1808 Nocte
1050 1773 1250 1817 surgentes.
1661 1775 1724 1819 183
1761 1785 1805 1819 39

334 1823 510 1867 Hymnus
529 1821 578 1856 ad
597 1821 777 1866 vesperas
914 1821 946 1855 O
966 1820 1027 1855 lux
1044 1820 1169 1855 beata.
1661 1823 1726 1865 184
1743 1818 1820 1868 [39]

217 1888 271 1936 (1
326 1891 362 1926 A
377 1890 471 1926 feria
491 1896 626 1935 quarta
643 1889 810 1924 cinerum
828 1889 940 1935 vsque
957 1889 1006 1924 ad
1024 1888 1256 1924 dominicam
1274 1889 1321 1924 de
1339 1890 1502 1936 passione

335 1937 606 1973 inuitatorium.
906 1937 1032 1971 Hodie
1051 1936 1075 1970 s1
1092 1947 1235 1972 vocem.
1658 1947 1724 1980 207
1759 1948 1804 1981 42

333 1986 507 2030 Hymnus
526 1984 574 2019 ad
592 1983 829 2018 matutinum.
903 1983 1002 2019 Audi
1021 1983 1194 2028 benigne.
1657 1995 1723 2029 207
1758 1995 1802 2029 42

333 2033 509 2078 Hymnus
527 2031 576 2066 ad
593 2031 775 2077 vesperas.
905 2031 1024 2066 Aures
1041 2031 1091 2066 ad
1108 2031 1259 2066 nostras.
1660 2043 1727 2068 212
1761 2033 1808 2077 46

216 2098 270 2145 (I
329 2101 362 2136 A
379 2100 569 2136 dominica
587 2100 634 2135 de
652 2100 814 2146 passione
831 2099 942 2146 vsque
960 2099 1007 2134 ad
1026 2099 1157 2134 feriam
1202 2099 1348 2134 uintam
1367 2099 1404 2134 in
1423 2111 1534 2135 coena
1551 2100 1704 2136 domini.

335 2148 607 2183 Inuitatorium.
901 2147 1084 2182 Christum
1104 2147 1163 2182 dei
1209 2146 1330 2182 11111118.
1658 2150 1725 2193 258
1761 2157 1804 2194 53

334 2196 396 2240 Hy
400 2206 510 2230 mnus
529 2195 577 2229 ad
595 2194 831 2229 matutinum.
902 2195 1027 2238 Pange
1045 2194 1181 2238 lingua.
1657 2197 1724 2241 258
1762 2205 1803 2241 53

332 2244 509 2288 Hymnus
526 2242 575 2277 ad
593 2241 774 2287 vesperas.
904 2241 1052 2276 Vexilla
1069 2242 1176 2285 regis.
1656 2243 1725 2278 260
1759 2252 1802 2288 54

221 2311 269 2358 (Ι
327 2313 362 2348 A
379 2312 516 2358 pascha
532 2311 643 2358 vsque
661 2311 710 2346 ad
727 2311 984 2346 ascensionem.

334 2358 607 2396 Inuitatorium.
895 2357 1056 2393 Surrexit
1078 2357 1264 2392 dominus.
1658 2361 1725 2403 287
1762 2361 1804 2406 58

333 2408 508 2452 Hymnus
526 2406 575 2441 ad
593 2404 830 2440 matutinum.
892 2406 1037 2439 Aurora
1055 2404 1179 2440 lucis⁷.
1658 2408 1724 2450 287
1763 2409 1805 2453 58

332 2455 509 2500 Hymnus
527 2453 576 2488 ad
594 2453 773 2498 vesperas.
896 2453 956 2487 Ad
974 2463 1124 2487 coenam
1143 2451 1263 2498 agnis.
1657 2455 1726 2499 289
1743 2358 1822 2501 1591

327 2541 604 2576 Jnui'tatorzum
621 2544 758 2583 autem,
772 2543 808 2575 et
822 2539 1115 2586 Hymmfesti'm
1129 2551 1203 2575 non
1223 2540 1397 2587 zndtgent
1411 2539 1544 2583 indzffce
1561 2542 1652 2588 quia
1661 2543 1822 2587 propria

143 2588 396 2636 reperientur¹³
413 2600 453 2623 m
460 2589 506 2635 f
487 2588 738 2634 flzuttatzbus
746 2588 928 2634 propmjs.
958 2587 989 2621 C
987 2598 1175 2622 ammums
1183 2586 1210 2608 ¹⁰
1225 2599 1315 2622 vero
1333 2600 1372 2622 tn
1391 2599 1468 2623 com
1472 2589 1662 2633 mansan
1665 2590 1820 2626 [lorum.

207 2829 220 2851 ¹
243 2830 382 2864 Christi:
399 2831 475 2863 add.
493 2832 535 2863 A.
822 2829 836 2850 ²
859 2829 1015 2872 virginis:
1032 2830 1107 2862 add.
1129 2831 1173 2862 A.
1470 2829 1483 2850 ³
1509 2831 1631 2863 Indicis
1650 2831 1817 2863 Festorum

145 2873 335 2907 calendarii
352 2874 443 2906 Finis
462 2887 470 2908 z
486 2875 562 2907 add.
580 2875 622 2906 Λ.
933 2873 946 2894 ⁴
970 2873 1108 2906 Domini
1127 2883 1134 2905 :
1152 2873 1227 2906 add.
1248 2874 1285 2905 Ρ.
1560 2874 1573 2894 ³
1597 2886 1656 2906 nos
1675 2884 1681 2905 :
1699 2886 1761 2907 om.
1782 2876 1817 2906 1‘.

145 2916 160 2938 ⁸
183 2916 285 2950 fliium
304 2928 311 2949 :
328 2929 390 2950 om.
410 2919 446 2950 P.
628 2917 640 2939 ⁷
666 2917 747 2949 lucis
765 2925 773 2948 τ
790 2928 852 2950 om.
876 2917 911 2949 Ρ.
1025 2916 1039 2935 ⁸
1062 2919 1138 2958 agni
1158 2926 1165 2949 :
1182 2928 1244 2948 om.
1265 2918 1300 2948 1‘.
1478 2918 1491 2936 ⁹
1515 2920 1730 2959 reperiuntur
1750 2931 1756 2951 :
1775 2920 1818 2950 Α.

146 2958 174 2981 ¹⁰
194 2962 383 2993 communia
404 2973 411 2993 z
432 2961 568 2993 R.1‘.A.
