2066 3392
283 200 361 231 112

277 280 530 335 eloquentia
596 279 915 336 sanGtitateque
977 297 1080 324 con-

279 338 455 392 scriptis.
519 338 647 393 Obijt
678 346 827 381 autem
860 340 981 394 xviij.
1010 355 1081 382 ca·

279 396 432 438 lendas
454 394 674 440 Oetobris.
736 397 838 452 Quo
859 399 931 439 die
951 398 1081 439 vehe-

279 468 404 495 mens
453 455 625 508 grando
676 455 1083 510 Constantinopolis

279 512 538 553 suburbanis
579 526 792 566 magnum
843 514 1083 555 detrimen-

212 591 216 595 ·
279 576 375 611 tum
401 570 586 612 inuexit.
627 570 762 624 Quod
785 571 1002 613 creditum
1021 572 1082 612 est

278 628 467 670 euenisse
499 634 680 682 propter
712 629 914 670 iniustam
951 630 1081 670 Ioan-

278 686 346 727 nis
364 685 777 736 damnationem,et¹
792 700 891 727 eam
909 687 1082 740 opinio-

279 757 381 784 nem
411 743 690 785 confirmauit
719 758 837 785 mors
866 744 1080 798 Augustae

279 801 376 855 post
407 802 515 843 .xix.
548 802 668 842 diem
702 801 858 844 secuta.
921 803 1081 856 Itaque

278 859 429 913 postea
469 873 629 912 corpus
670 860 763 900 eius
808 860 1081 901 Theodofius

277 917 490 970 Archadij
501 915 514 936 ²
528 917 641 958 filius
651 917 1079 972 Constantinopolim

278 975 643 1024 transferendum,
664 989 715 1016 ac
740 976 939 1029 religiose
962 976 1079 1029 sepe-

276 1033 473 1074 liendum
534 1033 705 1075 curauit
754 1033 821 1087 .vj.
873 1034 1080 1075 calendas

278 1090 517 1145 Februarij.

277 1189 322 1235 (ἶ
374 1183 622 1234 Metranus‚
656 1182 848 1232 Comma,
879 1190 920 1224 et
950 1183 1081 1225 Sera-

336 1241 443 1295 pion
465 1247 692 1293 marzjyres.
742 1241 890 1283 Lec‘Zz‘o
912 1241 1007 1296 ,iz—'ff

277 1323 610 1409 ALexandriae
640 1324 781 1365 Decio
811 1324 1079 1378 imperatore

390 1388 517 1423 tanta
538 1383 582 1423 in
604 1382 860 1424 christianos
883 1382 1080 1435 persecu—

277 1440 340 1481 tio
362 1446 520 1482 exorta
535 1440 608 1490 est,
623 1446 670 1482 vt
688 1439 857 1481 nullum
875 1439 1079 1481 fidelibus

277 1498 359 1539 iter
389 1512 470 1539 nec
501 1499 585 1547 die,
622 1511 703 1539 nec
734 1496 865 1539 noste
896 1503 1079 1552 pateret.

279 1555 397 1597 Nam
420 1556 670 1610 quicunque
685 1554 710 1596 a
727 1556 899 1596 furente
913 1555 1079 1609 populo

276 1613 615 1668 comprehensus
638 1613 742 1657 esset
763 1611 929 1654 indicta
951 1612 1079 1654 causa

277 1671 348 1713 vel
375 1672 563 1726 pedibus
589 1671 850 1712 trahebatur
876 1672 933 1712 ad
963 1685 1078 1711 mor-

277 1736 381 1779 tem,
394 1729 464 1771 vel
480 1730 571 1783 igni
589 1729 944 1770 succendebatur.
963 1729 1076 1770 Cum

277 1788 412 1842 igitur
433 1788 688 1829 daemonum
712 1786 896 1827 stimulis
925 1787 1078 1840 exagi-

276 1852 419 1887 tatum
454 1845 613 1899 vulgus
641 1844 749 1885 nihil
780 1844 912 1894 aliud,
943 1858 1077 1898 quam

276 1904 451 1958 piorum
474 1903 730 1957 sanguinem
753 1902 897 1951 sitiret,
914 1902 1079 1943 Metra-

277 1975 359 2003 nus
401 1961 626 2015 religiosus
668 1960 801 2001 senex
844 1960 902 2001 ab
943 1960 1080 2014 impia

277 2020 407 2061 turba
423 2024 651 2073 correptus
666 2019 840 2059 iubetur
858 2017 1077 2060 Christum

277 2077 492 2119 detestari.
554 2076 687 2130 Quod
720 2089 820 2117 cum
853 2076 1080 2125 recusaret,

277 2149 411 2176 omne
451 2148 610 2189 corpus
652 2135 744 2175 eius
796 2134 1079 2175 membratim

277 2193 460 2235 fustibus
491 2192 742 2234 colliserunt
775 2208 783 2233 :
816 2191 1079 2245 vultumque

277 2258 322 2292 et
362 2251 514 2292 oculos
560 2251 700 2292 acutis
741 2250 924 2291 calamis
967 2255 1080 2291 tere-

277 2310 487 2351 brantes:
515 2315 645 2350 extra
665 2308 817 2349 vrbem
850 2321 951 2348 cum
983 2321 1078 2348 cru-

276 2367 462 2409 ciatibus
484 2372 729 2415 traxerunt,
751 2366 899 2419 ibique
920 2365 1078 2419 lapidi-

276 2426 358 2467 bus
380 2439 482 2466 eum
505 2425 747 2466 obruerunt
769 2424 910 2477 pridie
931 2422 1077 2464 calen-

274 2484 356 2525 das
388 2482 627 2535 Februarij.
689 2481 788 2523 Post
819 2481 914 2522 haec
947 2481 1078 2523 Coin-

274 2541 399 2583 tham
432 2540 660 2581 mulierem
688 2539 882 2580 nobilem
905 2552 1078 2592 correp-

275 2605 381 2648 tam,
395 2603 440 2639 et
461 2599 568 2639 deos
590 2598 774 2639 adorare
791 2596 1076 2646 recusantem,

275 2657 413 2697 immo
435 2656 581 2710 potius
603 2661 902 2703 execrantem,
921 2651 1078 2695 vinGtis

274 2714 463 2768 pedibus
489 2727 568 2767 per
588 2726 742 2753 omnes
764 2712 882 2753 vrbis
905 2711 1077 2765 plateas

273 2771 468 2821 trahunt,
485 2771 693 2824 foedoque
715 2776 759 2811 et
780 2769 958 2810 horrido
981 2769 1077 2823 sup-

275 2828 391 2883 plicij
427 2842 588 2883 genere
623 2828 886 2882 discerpunt.
948 2827 1076 2868 Sera-

342 2933 353 2954 ¹
380 2939 416 2968 et
439 2945 446 2968 :
464 2944 532 2967 om.
550 2933 594 2967 A.

342 2979 356 3001 ²
380 2980 545 3015 Archadi
570 2992 576 3014 :
597 2982 634 3014 P.

342 3027 356 3048 ³
383 3027 442 3062 die
460 3036 514 3071 31.
534 3028 574 3062 in
594 3038 641 3061 m.
690 3027 728 3061 18
754 3039 760 3062 :
781 3028 824 3062 R.
876 3027 923 3061 ln
943 3026 1071 3060 (abula

943 205 1077 238 FEBR
1084 206 1146 239 UA
1152 206 1281 240 RIUS.

1143 284 1323 338 pionem
1346 299 1523 339 quoque
1545 286 1667 328 domi
1692 286 1777 328 suae
1801 300 1947 341 reper-

1145 348 1240 383 tum
1264 343 1564 385 crudelisssmis
1586 344 1771 386 affecere
1789 344 1951 399 suppli·
1992 391 1998 395 ,
2035 326 2038 327 ⁷

1144 399 1235 453 cijs,
1277 406 1322 441 et
1363 400 1512 442 solutis
1555 403 1760 443 omnibus
1810 415 1950 444 mem-

1144 457 1323 523 brorum
1352 459 1547 500 articulis
1577 473 1601 501 e
1634 459 1806 502 sublimi
1834 473 1950 514 prae-

1146 522 1398 570 cip1tarunt.

1405 666 1683 710 Februarius.

1200 769 1245 814 ΙΙ
1268 767 1474 822 [gnatius
1492 767 1696 822 episcopus
1717 775 1896 824 margyr.

1378 825 1523 866 Lemo
1545 826 1674 867 tertia
1681 825 1705 869 ⁴.

1154 918 1389 1002 IGnatius
1435 918 1691 961 Antiochiae
1738 920 1833 974 post
1871 922 1950 964 Pe-

1218 983 1333 1018 trum
1358 977 1546 1018 secunda
1569 977 1824 1020 successione
1841 979 1949 1034 epis-

1145 1041 1356 1089 copatum
1379 1035 1553 1076 sortitus
1578 1035 1650 1085 est,
1672 1036 1746 1090 qui
1769 1037 1948 1079 Traiani

1145 1098 1345 1146 tempore
1376 1093 1602 1134 accusatus
1633 1094 1752 1147 quod
1784 1094 1948 1136 christi-

1144 1151 1406 1200 anus'esset,
1435 1151 1491 1191 ad
1523 1150 1680 1192 bestias
1711 1152 1950 1194 damnatur

1147 1208 1341 1249 Romam
1365 1209 1620 1250 mittendus.
1683 1208 1784 1263 Quo
1801 1224 1902 1253 cum
1921 1210 1948 1252 a

1147 1266 1277 1320 Syria
1302 1264 1477 1307 vinetus
1510 1266 1826 1320 deportaretur,
1848 1282 1942 1310 om-

1146 1338 1224 1365 nes
1245 1324 1361 1366 Afiae
1384 1324 1598 1374 ciuitates,
1611 1326 1667 1366 ad
1682 1339 1792 1379 quas
1809 1340 1948 1380 appu-

1146 1382 1266 1431 lisset,
1281 1382 1548 1436 euangelicis
1570 1382 1948 1426 cohortationibus

1146 1441 1381 1481 edocebat:
1414 1440 1670 1481 remotiores
1696 1441 1829 1482 etiam
1855 1443 1948 1496 epi-

1144 1497 1262 1539 stolis
1284 1498 1498 1539 erudiens
1561 1498 1613 1539 In
1642 1512 1828 1552 quarum
1849 1513 1948 1549 vna,

1144 1569 1279 1610 quam
1308 1555 1514 1609 Smyrnae
1537 1556 1643 1596 dum
1666 1557 1785 1610 apud
1815 1557 1948 1611 Poly-

1144 1613 1635 1667 carpumdiuersaretur‚
1644 1615 1700 1655 ad
1718 1614 1947 1656 Romanos

1144 1671 1320 1725 scripsit:
1353 1672 1465 1712 inter
1491 1677 1651 1712 caetera
1676 1671 1771 1713 haec
1796 1673 1852 1714 de
1874 1673 1948 1714 sua

1143 1729 1429 1770 damnatione
1461 1729 1603 1770 refert.
1667 1729 1708 1771 O
1738 1729 1946 1771 salutares

1143 1787 1301 1828 bestias
1341 1800 1440 1840 quae
1481 1793 1786 1840 praeparantur
1826 1788 1947 1830 mihi.

1144 1844 1338 1897 Quando
1368 1844 1571 1885 venient?
1607 1846 1787 1898 quando
1817 1847 1944 1887 emit-

1143 1902 1316 1944 tentur?
1359 1903 1539 1956 quando
1580 1903 1641 1943 eis
1678 1902 1760 1943 frui
1798 1903 1947 1945 licebit

1143 1960 1349 2001 carnibus
1371 1959 1505 2000 meis?
1536 1974 1647 2014 quas
1669 1966 1712 2002 et
1734 1975 1818 2014 ego
1839 1968 1946 2016 opto

1144 2018 1332 2059 acriores
1347 2018 1489 2071 parari
1505 2031 1559 2059 ne
1576 2018 1688 2059 forte
1700 2018 1762 2071 (vt
1777 2020 1820 2060 in
1835 2033 1945 2060 non-

1144 2075 1274 2117 nullis
1306 2075 1519 2127 fecerunt)
1553 2076 1739 2117 timeant
1775 2077 1946 2118 contin-

1142 2147 1246 2188 gere
1271 2147 1429 2188 corpus
1459 2147 1619 2175 meum.
1681 2134 1812 2175 Nunc
1841 2136 1946 2176 inci-

1143 2193 1217 2245 pio
1235 2191 1471 2245 discipulus
1488 2191 1571 2232 esse
1589 2191 1757 2234 Christi.
1799 2192 1944 2247 Ignes,

1143 2249 1793 2303 cruces,bestiae‚discerptiones
1807 2264 1946 2291 mem—

1143 2307 1334 2357 brorum,
1349 2321 1399 2348 ac
1413 2307 1548 2347 totius
1570 2307 1763 2361 corporis
1785 2321 1944 2362 poenae,

1143 2371 1187 2406 et
1218 2365 1369 2406 omnia
1400 2365 1443 2405 in
1473 2378 1543 2405 me
1571 2378 1708 2406 vnum
1734 2365 1944 2419 supplicia

1142 2422 1308 2464 diaboli
1334 2428 1427 2464 arte
1448 2422 1628 2475 quaefita
1655 2423 1946 2472 cumulentur,

1142 2481 1388 2522 dummodo
1425 2480 1567 2521 Iesum
1601 2479 1819 2522 Christum
1853 2495 1944 2522 me-

1143 2552 1239 2579 rear
1254 2537 1444 2592 adipisci.
1492 2538 1684 2579 Romam
1702 2538 1834 2592 igitur
1845 2553 1942 2593 per-

1142 2594 1315 2644 duetus,
1336 2601 1380 2637 et
1407 2594 1554 2648 bestijs
1582 2595 1816 2649 exposstus,
1838 2609 1939 2639 cum

1143 2654 1231 2694 iam
1253 2652 1278 2694 a
1304 2653 1503 2694 leonibus
1529 2652 1852 2707 discerperetur,
1874 2667 1942 2696 ar-

1142 2711 1249 2752 dore
1294 2710 1491 2764 martyrij
1536 2711 1726 2751 moriens
1768 2711 1810 2752 in
1847 2711 1943 2753 haec

1141 2768 1274 2810 verba
1291 2769 1501 2822 prorupit.
1550 2769 1839 2809 Frumentum
1856 2782 1942 2823 ego

1142 2826 1234 2867 sum
1285 2826 1367 2868 dei.
1443 2825 1682 2867 Bestiarum
1733 2827 1940 2868 dentibus

1141 2934 1378 2967 erratorum:
1403 2930 1463 2965 die
1481 2940 1536 2974 31.

1210 2977 1223 2999 ⁴
1248 2977 1308 3013 die
1330 2988 1359 3014 1.
1376 2978 1416 3012 in
1436 2989 1482 3014 m.
