<?xml version="1.0" encoding="UTF-8"?>
<!DOCTYPE html PUBLIC "-//W3C//DTD XHTML 1.0 Transitional//EN"
    "http://www.w3.org/TR/xhtml1/DTD/xhtml1-transitional.dtd">
<html xmlns="http://www.w3.org/1999/xhtml" xml:lang="en" lang="en">
 <head>
  <title>
</title>
<meta http-equiv="Content-Type" content="text/html;charset=utf-8" />
  <meta name='ocr-system' content='tesseract 3.04.00' />
  <meta name='ocr-capabilities' content='ocr_page ocr_carea ocr_par ocr_line ocrx_word'/>
</head>
<body>
  <div class='ocr_page' id='page_1' title='image "./breviariumromanu00quiuoft/breviariumromanu00quiuoft_0194.png"; bbox 0 0 2066 3392; ppageno 0'>
   <div class='ocr_carea' id='block_1_1' title="bbox 242 175 322 218">
    <p class='ocr_par' dir='ltr' id='par_1_1' title="bbox 242 175 322 218">
     <span class='ocr_line' id='line_1_1' title="bbox 242 175 322 218; baseline 0.013 -1"><span class='ocrx_word' id='word_1_1' title='bbox 242 175 322 218; x_wconf 86' lang='lat'>134</span> 
     </span>
    </p>
   </div>
   <div class='ocr_carea' id='block_1_2' title="bbox 232 260 1042 1055">
    <p class='ocr_par' dir='ltr' id='par_1_2' title="bbox 232 260 1042 1055">
     <span class='ocr_line' id='line_1_2' title="bbox 232 260 1036 316; baseline 0.005 -17"><span class='ocrx_word' id='word_1_2' title='bbox 232 264 376 300; x_wconf 89' lang='lat' dir='ltr'>tarum</span> <span class='ocrx_word' id='word_1_3' title='bbox 387 260 617 302; x_wconf 89' lang='lat' dir='ltr'>nationum</span> <span class='ocrx_word' id='word_1_4' title='bbox 626 261 1036 316; x_wconf 85' lang='lat' dir='ltr'>praedicaret,varijs</span> 
     </span>
     <span class='ocr_line' id='line_1_3' title="bbox 234 315 1037 370; baseline 0.006 -14"><span class='ocrx_word' id='word_1_5' title='bbox 234 315 396 370; x_wconf 82' lang='lat' dir='ltr'>linguis</span> <span class='ocrx_word' id='word_1_6' title='bbox 433 318 619 369; x_wconf 89' lang='lat' dir='ltr'>locutus,</span> <span class='ocrx_word' id='word_1_7' title='bbox 654 325 699 360; x_wconf 92' lang='lat' dir='ltr'>et</span> <span class='ocrx_word' id='word_1_8' title='bbox 732 320 789 361; x_wconf 91' lang='lat' dir='ltr'>ab</span> <span class='ocrx_word' id='word_1_9' title='bbox 830 320 1037 361; x_wconf 90' lang='lat' dir='ltr'>omnibus</span> 
     </span>
     <span class='ocr_line' id='line_1_4' title="bbox 235 374 1039 431; baseline 0.005 -17"><span class='ocrx_word' id='word_1_10' title='bbox 235 374 488 417; x_wconf 70' lang='lat' dir='ltr'>intelle6‘ms</span> <span class='ocrx_word' id='word_1_11' title='bbox 510 377 594 418; x_wconf 90' lang='lat' dir='ltr'>esse</span> <span class='ocrx_word' id='word_1_12' title='bbox 616 378 817 420; x_wconf 84' lang='lat' dir='ltr'><strong>traditur.</strong></span> <span class='ocrx_word' id='word_1_13' title='bbox 879 378 1039 431; x_wconf 89' lang='lat' dir='ltr'>Itaque</span> 
     </span>
     <span class='ocr_line' id='line_1_5' title="bbox 235 431 1038 491; baseline 0.005 -19"><span class='ocrx_word' id='word_1_14' title='bbox 235 431 478 475; x_wconf 89' lang='lat' dir='ltr'>sermonem</span> <span class='ocrx_word' id='word_1_15' title='bbox 516 435 646 489; x_wconf 78' lang='lat' dir='ltr'>ipsius</span> <span class='ocrx_word' id='word_1_16' title='bbox 683 435 867 491; x_wconf 87' lang='lat' dir='ltr'>domino</span> <span class='ocrx_word' id='word_1_17' title='bbox 907 435 1038 489; x_wconf 85' lang='lat' dir='ltr'>fignis</span> 
     </span>
     <span class='ocr_line' id='line_1_6' title="bbox 237 491 1037 542; baseline 0.005 -12"><span class='ocrx_word' id='word_1_18' title='bbox 237 491 542 542; x_wconf 88' lang='lat' dir='ltr'>confirmante,</span> <span class='ocrx_word' id='word_1_19' title='bbox 573 492 736 534; x_wconf 89' lang='lat' dir='ltr'>multas</span> <span class='ocrx_word' id='word_1_20' title='bbox 777 492 961 534; x_wconf 84' lang='lat' dir='ltr'>haereses</span> <span class='ocrx_word' id='word_1_21' title='bbox 993 494 1037 534; x_wconf 90' lang='lat' dir='ltr'>in</span> 
     </span>
     <span class='ocr_line' id='line_1_7' title="bbox 239 548 1038 600; baseline 0.004 -12"><span class='ocrx_word' id='word_1_22' title='bbox 239 548 369 589; x_wconf 90' lang='lat' dir='ltr'>Italia</span> <span class='ocrx_word' id='word_1_23' title='bbox 410 550 668 600; x_wconf 88' lang='lat' dir='ltr'>confutauit,</span> <span class='ocrx_word' id='word_1_24' title='bbox 711 549 926 592; x_wconf 63' lang='lat' dir='ltr'>saEtiones</span> <span class='ocrx_word' id='word_1_25' title='bbox 973 551 1038 591; x_wconf 91' lang='lat' dir='ltr'>di-</span> 
     </span>
     <span class='ocr_line' id='line_1_8' title="bbox 237 607 1038 656; baseline 0.004 -10"><span class='ocrx_word' id='word_1_26' title='bbox 237 607 379 656; x_wconf 85' lang='lat' dir='ltr'><strong>remit,</strong></span> <span class='ocrx_word' id='word_1_27' title='bbox 414 614 459 649; x_wconf 91' lang='lat' dir='ltr'>et</span> <span class='ocrx_word' id='word_1_28' title='bbox 491 608 691 649; x_wconf 89' lang='lat' dir='ltr'>inimicos</span> <span class='ocrx_word' id='word_1_29' title='bbox 728 608 1038 650; x_wconf 90' lang='lat' dir='ltr'>reconciliauit.</span> 
     </span>
     <span class='ocr_line' id='line_1_9' title="bbox 237 664 1041 719; baseline 0.004 -15"><span class='ocrx_word' id='word_1_30' title='bbox 237 664 440 706; x_wconf 82' lang='lat' dir='ltr'>Tandem</span> <span class='ocrx_word' id='word_1_31' title='bbox 491 666 649 719; x_wconf 90' lang='lat' dir='ltr'>plenus</span> <span class='ocrx_word' id='word_1_32' title='bbox 705 664 946 715; x_wconf 61' lang='lat' dir='ltr'>sanctitate,</span> <span class='ocrx_word' id='word_1_33' title='bbox 996 673 1041 708; x_wconf 93' lang='lat' dir='ltr'>et</span> 
     </span>
     <span class='ocr_line' id='line_1_10' title="bbox 236 722 1042 777; baseline 0.004 -15"><span class='ocrx_word' id='word_1_34' title='bbox 236 722 459 763; x_wconf 80' lang='lat' dir='ltr'>miraculis</span> <span class='ocrx_word' id='word_1_35' title='bbox 486 724 630 764; x_wconf 90' lang='lat' dir='ltr'>clarus</span> <span class='ocrx_word' id='word_1_36' title='bbox 658 724 829 777; x_wconf 87' lang='lat' dir='ltr'>Patauij</span> <span class='ocrx_word' id='word_1_37' title='bbox 855 725 1042 765; x_wconf 87' lang='lat' dir='ltr'>moritur</span> 
     </span>
     <span class='ocr_line' id='line_1_11' title="bbox 235 779 1041 834; baseline 0.005 -15"><span class='ocrx_word' id='word_1_38' title='bbox 235 779 380 820; x_wconf 88' lang='lat' dir='ltr'>idibus</span> <span class='ocrx_word' id='word_1_39' title='bbox 410 780 523 834; x_wconf 90' lang='lat' dir='ltr'>Iunij</span> <span class='ocrx_word' id='word_1_40' title='bbox 560 797 569 822; x_wconf 93' lang='lat'>:</span> <span class='ocrx_word' id='word_1_41' title='bbox 603 787 649 822; x_wconf 90' lang='lat' dir='ltr'>et</span> <span class='ocrx_word' id='word_1_42' title='bbox 678 782 721 822; x_wconf 91' lang='lat' dir='ltr'>in</span> <span class='ocrx_word' id='word_1_43' title='bbox 755 781 932 823; x_wconf 80' lang='lat' dir='ltr'>ecclesia</span> <span class='ocrx_word' id='word_1_44' title='bbox 963 796 1041 823; x_wconf 94' lang='lat' dir='ltr'>no-</span> 
     </span>
     <span class='ocr_line' id='line_1_12' title="bbox 238 838 1041 893; baseline 0.005 -16"><span class='ocrx_word' id='word_1_45' title='bbox 238 838 356 878; x_wconf 91' lang='lat' dir='ltr'>mine</span> <span class='ocrx_word' id='word_1_46' title='bbox 378 838 507 891; x_wconf 84' lang='lat' dir='ltr'>ipsius</span> <span class='ocrx_word' id='word_1_47' title='bbox 530 838 743 880; x_wconf 89' lang='lat' dir='ltr'>fabricata</span> <span class='ocrx_word' id='word_1_48' title='bbox 765 840 942 893; x_wconf 81' lang='lat' dir='ltr'>egregio</span> <span class='ocrx_word' id='word_1_49' title='bbox 971 846 1041 881; x_wconf 91' lang='lat' dir='ltr'>tu-</span> 
     </span>
     <span class='ocr_line' id='line_1_13' title="bbox 238 894 1041 951; baseline 0.004 -16"><span class='ocrx_word' id='word_1_50' title='bbox 238 894 359 936; x_wconf 91' lang='lat' dir='ltr'>mulo</span> <span class='ocrx_word' id='word_1_51' title='bbox 382 896 575 950; x_wconf 89' lang='lat' dir='ltr'>sepultus</span> <span class='ocrx_word' id='word_1_52' title='bbox 598 897 658 938; x_wconf 90' lang='lat' dir='ltr'>est</span> <span class='ocrx_word' id='word_1_53' title='bbox 681 913 688 938; x_wconf 90' lang='lat'><strong>:</strong></span> <span class='ocrx_word' id='word_1_54' title='bbox 712 903 755 938; x_wconf 92' lang='lat' dir='ltr'>et</span> <span class='ocrx_word' id='word_1_55' title='bbox 777 896 803 938; x_wconf 77' lang='lat' dir='ltr'>a</span> <span class='ocrx_word' id='word_1_56' title='bbox 827 897 1041 951; x_wconf 81' lang='lat' dir='ltr'>Gregorio</span> 
     </span>
     <span class='ocr_line' id='line_1_14' title="bbox 237 954 1041 996; baseline 0.004 -3"><span class='ocrx_word' id='word_1_57' title='bbox 237 966 356 994; x_wconf 92' lang='lat' dir='ltr'>nono</span> <span class='ocrx_word' id='word_1_58' title='bbox 373 954 518 995; x_wconf 88' lang='lat' dir='ltr'>statim</span> <span class='ocrx_word' id='word_1_59' title='bbox 542 956 585 995; x_wconf 89' lang='lat' dir='ltr'>in</span> <span class='ocrx_word' id='word_1_60' title='bbox 610 954 857 996; x_wconf 59' lang='lat' dir='ltr'>sanetorum</span> <span class='ocrx_word' id='word_1_61' title='bbox 876 956 1041 996; x_wconf 87' lang='lat' dir='ltr'>conses-</span> 
     </span>
     <span class='ocr_line' id='line_1_15' title="bbox 237 1010 866 1055; baseline 0.005 -4"><span class='ocrx_word' id='word_1_62' title='bbox 237 1010 380 1052; x_wconf 92' lang='lat' dir='ltr'>sorum</span> <span class='ocrx_word' id='word_1_63' title='bbox 403 1012 669 1054; x_wconf 87' lang='lat' dir='ltr'>consortium</span> <span class='ocrx_word' id='word_1_64' title='bbox 693 1013 866 1055; x_wconf 87' lang='lat' dir='ltr'>relatus.</span> 
     </span>
    </p>
   </div>
   <div class='ocr_carea' id='block_1_3' title="bbox 295 1114 982 1216">
    <p class='ocr_par' dir='ltr' id='par_1_3' title="bbox 295 1114 982 1216">
     <span class='ocr_line' id='line_1_16' title="bbox 295 1114 982 1161; baseline 0.004 -7"><span class='ocrx_word' id='word_1_65' title='bbox 295 1116 340 1161; x_wconf 72' lang='grc' dir='ltr'>ΙΙ</span> <span class='ocrx_word' id='word_1_66' title='bbox 373 1114 559 1156; x_wconf 75' lang='lat' dir='ltr'>Marcus</span> <span class='ocrx_word' id='word_1_67' title='bbox 587 1122 630 1157; x_wconf 80' lang='lat' dir='ltr'>et</span> <span class='ocrx_word' id='word_1_68' title='bbox 655 1115 716 1156; x_wconf 86' lang='lat' dir='ltr'><em>M</em></span> <span class='ocrx_word' id='word_1_69' title='bbox 712 1115 982 1158; x_wconf 72' lang='lat' dir='ltr'>arcellz&#39;amts.</span> 
     </span>
     <span class='ocr_line' id='line_1_17' title="bbox 466 1173 806 1216; baseline 0.006 -3"><span class='ocrx_word' id='word_1_70' title='bbox 466 1173 612 1214; x_wconf 58' lang='lat' dir='ltr'><em>Leaz&#39;o</em></span> <span class='ocrx_word' id='word_1_71' title='bbox 642 1174 774 1215; x_wconf 74' lang='lat' dir='ltr'>tertia</span> <span class='ocrx_word' id='word_1_72' title='bbox 783 1173 806 1216; x_wconf 83' lang='lat'>¹.</span> 
     </span>
    </p>
   </div>
   <div class='ocr_carea' id='block_1_4' title="bbox 234 1237 1040 2855">
    <p class='ocr_par' dir='ltr' id='par_1_4' title="bbox 354 1237 1040 1281">
     <span class='ocr_line' id='line_1_18' title="bbox 354 1237 1040 1281; baseline 0.001 -2"><span class='ocrx_word' id='word_1_73' title='bbox 354 1237 1040 1281; x_wconf 87' lang='lat' dir='ltr'>ArcusetMarcellianusfratres</span> 
     </span>
    </p>

    <p class='ocr_par' dir='ltr' id='par_1_5' title="bbox 234 1297 1040 2855">
     <span class='ocr_line' id='line_1_19' title="bbox 385 1297 1039 1351; baseline 0.002 -14"><span class='ocrx_word' id='word_1_74' title='bbox 385 1297 555 1348; x_wconf 85' lang='lat' dir='ltr'>Romae,</span> <span class='ocrx_word' id='word_1_75' title='bbox 588 1298 870 1339; x_wconf 87' lang='lat' dir='ltr'>Diocletiano</span> <span class='ocrx_word' id='word_1_76' title='bbox 902 1298 1039 1351; x_wconf 91' lang='lat' dir='ltr'>impe-</span> 
     </span>
     <span class='ocr_line' id='line_1_20' title="bbox 236 1355 1039 1408; baseline 0.004 -15"><span class='ocrx_word' id='word_1_77' title='bbox 236 1359 380 1394; x_wconf 90' lang='lat' dir='ltr'>ratore</span> <span class='ocrx_word' id='word_1_78' title='bbox 410 1369 489 1408; x_wconf 92' lang='lat' dir='ltr'>pro</span> <span class='ocrx_word' id='word_1_79' title='bbox 513 1355 669 1397; x_wconf 89' lang='lat' dir='ltr'>Christi</span> <span class='ocrx_word' id='word_1_80' title='bbox 692 1356 779 1396; x_wconf 88' lang='lat' dir='ltr'>fide</span> <span class='ocrx_word' id='word_1_81' title='bbox 802 1357 844 1397; x_wconf 90' lang='lat' dir='ltr'>in</span> <span class='ocrx_word' id='word_1_82' title='bbox 863 1356 1039 1396; x_wconf 90' lang='lat' dir='ltr'>vincula</span> 
     </span>
     <span class='ocr_line' id='line_1_21' title="bbox 234 1410 1039 1468; baseline 0.004 -17"><span class='ocrx_word' id='word_1_83' title='bbox 234 1410 421 1453; x_wconf 63' lang='lat' dir='ltr'>coniecffti</span> <span class='ocrx_word' id='word_1_84' title='bbox 456 1412 553 1454; x_wconf 92' lang='lat' dir='ltr'>sunt</span> <span class='ocrx_word' id='word_1_85' title='bbox 584 1414 641 1454; x_wconf 93' lang='lat' dir='ltr'>ab</span> <span class='ocrx_word' id='word_1_86' title='bbox 676 1414 794 1455; x_wconf 88' lang='lat' dir='ltr'>vrbis</span> <span class='ocrx_word' id='word_1_87' title='bbox 828 1412 1039 1468; x_wconf 55' lang='lat' dir='ltr'>praefeffto</span> 
     </span>
     <span class='ocr_line' id='line_1_22' title="bbox 236 1469 1038 1524; baseline 0.002 -14"><span class='ocrx_word' id='word_1_88' title='bbox 236 1469 526 1511; x_wconf 88' lang='lat' dir='ltr'>Chromantio</span> <span class='ocrx_word' id='word_1_89' title='bbox 585 1486 593 1512; x_wconf 91' lang='lat'>:</span> <span class='ocrx_word' id='word_1_90' title='bbox 646 1472 703 1512; x_wconf 90' lang='lat' dir='ltr'>ad</span> <span class='ocrx_word' id='word_1_91' title='bbox 760 1479 1038 1524; x_wconf 89' lang='lat' dir='ltr'>mortemque</span> 
     </span>
     <span class='ocr_line' id='line_1_23' title="bbox 235 1527 1040 1582; baseline 0.002 -15"><span class='ocrx_word' id='word_1_92' title='bbox 235 1527 449 1577; x_wconf 86' lang='lat' dir='ltr'>damnati,</span> <span class='ocrx_word' id='word_1_93' title='bbox 480 1528 556 1569; x_wconf 84' lang='lat' dir='ltr'>nifi</span> <span class='ocrx_word' id='word_1_94' title='bbox 588 1535 693 1570; x_wconf 92' lang='lat' dir='ltr'>ante</span> <span class='ocrx_word' id='word_1_95' title='bbox 724 1530 843 1570; x_wconf 91' lang='lat' dir='ltr'>diem</span> <span class='ocrx_word' id='word_1_96' title='bbox 876 1529 1040 1582; x_wconf 80' lang='lat' dir='ltr'>trigesi-</span> 
     </span>
     <span class='ocr_line' id='line_1_24' title="bbox 237 1586 1039 1639; baseline 0.001 -14"><span class='ocrx_word' id='word_1_97' title='bbox 237 1598 358 1626; x_wconf 92' lang='lat' dir='ltr'>mum</span> <span class='ocrx_word' id='word_1_98' title='bbox 385 1587 441 1627; x_wconf 91' lang='lat' dir='ltr'>ad</span> <span class='ocrx_word' id='word_1_99' title='bbox 474 1586 643 1627; x_wconf 92' lang='lat' dir='ltr'>cultum</span> <span class='ocrx_word' id='word_1_100' title='bbox 675 1587 859 1628; x_wconf 89' lang='lat' dir='ltr'>deorum</span> <span class='ocrx_word' id='word_1_101' title='bbox 892 1586 1039 1639; x_wconf 89' lang='lat' dir='ltr'>redijs-</span> 
     </span>
     <span class='ocr_line' id='line_1_25' title="bbox 235 1642 1039 1698; baseline 0.002 -15"><span class='ocrx_word' id='word_1_102' title='bbox 235 1642 339 1684; x_wconf 90' lang='lat' dir='ltr'>sent.</span> <span class='ocrx_word' id='word_1_103' title='bbox 402 1643 478 1684; x_wconf 86' lang='lat' dir='ltr'>Ad</span> <span class='ocrx_word' id='word_1_104' title='bbox 501 1658 613 1697; x_wconf 89' lang='lat' dir='ltr'>quos</span> <span class='ocrx_word' id='word_1_105' title='bbox 641 1658 741 1685; x_wconf 91' lang='lat' dir='ltr'>cum</span> <span class='ocrx_word' id='word_1_106' title='bbox 774 1645 1039 1698; x_wconf 90' lang='lat' dir='ltr'>Tranquilli—</span> 
     </span>
     <span class='ocr_line' id='line_1_26' title="bbox 236 1703 1039 1754; baseline 0.002 -14"><span class='ocrx_word' id='word_1_107' title='bbox 236 1714 318 1741; x_wconf 91' lang='lat' dir='ltr'>nus</span> <span class='ocrx_word' id='word_1_108' title='bbox 350 1707 487 1754; x_wconf 90' lang='lat' dir='ltr'>pater,</span> <span class='ocrx_word' id='word_1_109' title='bbox 521 1708 565 1743; x_wconf 90' lang='lat' dir='ltr'>et</span> <span class='ocrx_word' id='word_1_110' title='bbox 606 1708 750 1743; x_wconf 85' lang='lat' dir='ltr'>mater</span> <span class='ocrx_word' id='word_1_111' title='bbox 787 1703 962 1751; x_wconf 90' lang='lat' dir='ltr'>Martia,</span> <span class='ocrx_word' id='word_1_112' title='bbox 994 1708 1039 1743; x_wconf 90' lang='lat' dir='ltr'>et</span> 
     </span>
     <span class='ocr_line' id='line_1_27' title="bbox 235 1758 1038 1813; baseline 0.001 -14"><span class='ocrx_word' id='word_1_113' title='bbox 235 1758 432 1812; x_wconf 83' lang='lat' dir='ltr'>plerique</span> <span class='ocrx_word' id='word_1_114' title='bbox 449 1766 739 1813; x_wconf 86' lang='lat' dir='ltr'>cognatorum</span> <span class='ocrx_word' id='word_1_115' title='bbox 758 1761 1038 1810; x_wconf 86' lang='lat' dir='ltr'>ventitarent‚</span> 
     </span>
     <span class='ocr_line' id='line_1_28' title="bbox 234 1817 1038 1871; baseline 0.001 -14"><span class='ocrx_word' id='word_1_116' title='bbox 234 1823 283 1857; x_wconf 90' lang='lat' dir='ltr'>vt</span> <span class='ocrx_word' id='word_1_117' title='bbox 315 1817 428 1870; x_wconf 91' lang='lat' dir='ltr'>ipsos</span> <span class='ocrx_word' id='word_1_118' title='bbox 461 1818 517 1858; x_wconf 88' lang='lat' dir='ltr'>ab</span> <span class='ocrx_word' id='word_1_119' title='bbox 549 1818 745 1871; x_wconf 89' lang='lat' dir='ltr'>incoepto</span> <span class='ocrx_word' id='word_1_120' title='bbox 772 1817 1038 1867; x_wconf 86' lang='lat' dir='ltr'>seducerent,</span> 
     </span>
     <span class='ocr_line' id='line_1_29' title="bbox 235 1873 1038 1916; baseline 0.001 -1"><span class='ocrx_word' id='word_1_121' title='bbox 235 1873 262 1914; x_wconf 79' lang='lat' dir='ltr'>a</span> <span class='ocrx_word' id='word_1_122' title='bbox 284 1875 417 1915; x_wconf 89' lang='lat' dir='ltr'>beato</span> <span class='ocrx_word' id='word_1_123' title='bbox 439 1875 698 1916; x_wconf 81' lang='lat' dir='ltr'>Sebastiano</span> <span class='ocrx_word' id='word_1_124' title='bbox 720 1875 967 1916; x_wconf 82' lang='lat' dir='ltr'>confirmati</span> <span class='ocrx_word' id='word_1_125' title='bbox 994 1876 1038 1916; x_wconf 92' lang='lat' dir='ltr'>in</span> 
     </span>
     <span class='ocr_line' id='line_1_30' title="bbox 236 1932 1039 1987; baseline 0.001 -14"><span class='ocrx_word' id='word_1_126' title='bbox 236 1932 325 1973; x_wconf 86' lang='lat' dir='ltr'>fide</span> <span class='ocrx_word' id='word_1_127' title='bbox 359 1932 650 1986; x_wconf 89' lang='lat' dir='ltr'>perstiterunt.</span> <span class='ocrx_word' id='word_1_128' title='bbox 713 1933 801 1987; x_wconf 77' lang='lat' dir='ltr'>Qui</span> <span class='ocrx_word' id='word_1_129' title='bbox 839 1933 1039 1974; x_wconf 90' lang='lat' dir='ltr'>sebastia-</span> 
     </span>
     <span class='ocr_line' id='line_1_31' title="bbox 236 1989 1038 2032; baseline 0.002 -2"><span class='ocrx_word' id='word_1_130' title='bbox 236 2004 318 2031; x_wconf 85' lang='lat' dir='ltr'>nus</span> <span class='ocrx_word' id='word_1_131' title='bbox 341 2004 427 2031; x_wconf 93' lang='lat' dir='ltr'>non</span> <span class='ocrx_word' id='word_1_132' title='bbox 452 1991 588 2032; x_wconf 88' lang='lat' dir='ltr'>solum</span> <span class='ocrx_word' id='word_1_133' title='bbox 611 1991 767 2032; x_wconf 89' lang='lat' dir='ltr'>horum</span> <span class='ocrx_word' id='word_1_134' title='bbox 791 1989 1038 2032; x_wconf 69' lang='lat' dir='ltr'>san&amp;orum</span> 
     </span>
     <span class='ocr_line' id='line_1_32' title="bbox 236 2049 1039 2102; baseline 0.002 -14"><span class='ocrx_word' id='word_1_135' title='bbox 236 2055 454 2102; x_wconf 89' lang='lat' dir='ltr'>parentes,</span> <span class='ocrx_word' id='word_1_136' title='bbox 473 2049 543 2090; x_wconf 89' lang='lat' dir='ltr'>sed</span> <span class='ocrx_word' id='word_1_137' title='bbox 568 2049 907 2092; x_wconf 87' lang='lat' dir='ltr'>Chromantium</span> <span class='ocrx_word' id='word_1_138' title='bbox 930 2063 1039 2102; x_wconf 91' lang='lat' dir='ltr'>quo-</span> 
     </span>
     <span class='ocr_line' id='line_1_33' title="bbox 235 2107 1038 2159; baseline 0.001 -12"><span class='ocrx_word' id='word_1_139' title='bbox 235 2120 323 2159; x_wconf 90' lang='lat' dir='ltr'>que</span> <span class='ocrx_word' id='word_1_140' title='bbox 359 2107 415 2148; x_wconf 90' lang='lat' dir='ltr'>ad</span> <span class='ocrx_word' id='word_1_141' title='bbox 454 2107 610 2149; x_wconf 89' lang='lat' dir='ltr'>Christi</span> <span class='ocrx_word' id='word_1_142' title='bbox 643 2107 777 2148; x_wconf 88' lang='lat' dir='ltr'>fidem</span> <span class='ocrx_word' id='word_1_143' title='bbox 809 2108 1038 2149; x_wconf 85' lang='lat' dir='ltr'>conuertit.</span> 
     </span>
     <span class='ocr_line' id='line_1_34' title="bbox 237 2164 1039 2217; baseline 0.001 -12"><span class='ocrx_word' id='word_1_144' title='bbox 237 2164 541 2217; x_wconf 78' lang='lat' dir='ltr'>Quamobrem</span> <span class='ocrx_word' id='word_1_145' title='bbox 585 2165 898 2207; x_wconf 90' lang='lat' dir='ltr'>Chromantius</span> <span class='ocrx_word' id='word_1_146' title='bbox 947 2179 1039 2206; x_wconf 88' lang='lat' dir='ltr'>ma-</span> 
     </span>
     <span class='ocr_line' id='line_1_35' title="bbox 235 2222 1037 2277; baseline 0.002 -15"><span class='ocrx_word' id='word_1_147' title='bbox 235 2222 416 2276; x_wconf 85' lang='lat' dir='ltr'>gistratu</span> <span class='ocrx_word' id='word_1_148' title='bbox 449 2222 506 2263; x_wconf 92' lang='lat' dir='ltr'>ab</span> <span class='ocrx_word' id='word_1_149' title='bbox 538 2223 802 2276; x_wconf 82' lang='lat' dir='ltr'>imperatore</span> <span class='ocrx_word' id='word_1_150' title='bbox 824 2223 1037 2277; x_wconf 88' lang='lat' dir='ltr'>priuatus,</span> 
     </span>
     <span class='ocr_line' id='line_1_36' title="bbox 237 2280 1038 2323; baseline 0.001 -3"><span class='ocrx_word' id='word_1_151' title='bbox 237 2281 280 2321; x_wconf 91' lang='lat' dir='ltr'>in</span> <span class='ocrx_word' id='word_1_152' title='bbox 313 2280 496 2321; x_wconf 86' lang='lat' dir='ltr'>exilium</span> <span class='ocrx_word' id='word_1_153' title='bbox 530 2281 676 2321; x_wconf 89' lang='lat' dir='ltr'>missus</span> <span class='ocrx_word' id='word_1_154' title='bbox 708 2281 780 2322; x_wconf 89' lang='lat' dir='ltr'>est.</span> <span class='ocrx_word' id='word_1_155' title='bbox 841 2281 924 2323; x_wconf 89' lang='lat' dir='ltr'>Cui</span> <span class='ocrx_word' id='word_1_156' title='bbox 948 2280 1038 2322; x_wconf 90' lang='lat' dir='ltr'>suc-</span> 
     </span>
     <span class='ocr_line' id='line_1_37' title="bbox 235 2338 1038 2385; baseline 0.002 -7"><span class='ocrx_word' id='word_1_157' title='bbox 235 2339 396 2379; x_wconf 88' lang='lat' dir='ltr'>cedens</span> <span class='ocrx_word' id='word_1_158' title='bbox 449 2339 671 2379; x_wconf 86' lang='lat' dir='ltr'>Fabianus</span> <span class='ocrx_word' id='word_1_159' title='bbox 728 2338 942 2385; x_wconf 90' lang='lat' dir='ltr'>Marcum,</span> <span class='ocrx_word' id='word_1_160' title='bbox 993 2344 1038 2380; x_wconf 87' lang='lat' dir='ltr'>et</span> 
     </span>
     <span class='ocr_line' id='line_1_38' title="bbox 236 2395 1037 2437; baseline 0.002 -2"><span class='ocrx_word' id='word_1_161' title='bbox 236 2395 571 2436; x_wconf 86' lang='lat' dir='ltr'>Marcellianum</span> <span class='ocrx_word' id='word_1_162' title='bbox 628 2396 812 2437; x_wconf 92' lang='lat' dir='ltr'>deorum</span> <span class='ocrx_word' id='word_1_163' title='bbox 869 2396 1037 2437; x_wconf 92' lang='lat' dir='ltr'>cultum</span> 
     </span>
     <span class='ocr_line' id='line_1_39' title="bbox 235 2454 1036 2508; baseline 0 -14"><span class='ocrx_word' id='word_1_164' title='bbox 235 2454 529 2507; x_wconf 85' lang='lat' dir='ltr'>aspernantes,</span> <span class='ocrx_word' id='word_1_165' title='bbox 560 2454 655 2508; x_wconf 91' lang='lat' dir='ltr'>post</span> <span class='ocrx_word' id='word_1_166' title='bbox 691 2455 912 2495; x_wconf 90' lang='lat' dir='ltr'>diutinam</span> <span class='ocrx_word' id='word_1_167' title='bbox 944 2468 1036 2495; x_wconf 91' lang='lat' dir='ltr'>car-</span> 
     </span>
     <span class='ocr_line' id='line_1_40' title="bbox 236 2509 1038 2566; baseline 0.001 -15"><span class='ocrx_word' id='word_1_168' title='bbox 236 2512 345 2552; x_wconf 89' lang='lat' dir='ltr'>ceris</span> <span class='ocrx_word' id='word_1_169' title='bbox 367 2509 660 2561; x_wconf 68' lang='lat' dir='ltr'>affliffionem,</span> <span class='ocrx_word' id='word_1_170' title='bbox 683 2512 739 2552; x_wconf 91' lang='lat' dir='ltr'>ad</span> <span class='ocrx_word' id='word_1_171' title='bbox 763 2512 951 2566; x_wconf 89' lang='lat' dir='ltr'>stipitem</span> <span class='ocrx_word' id='word_1_172' title='bbox 976 2511 1038 2552; x_wconf 91' lang='lat' dir='ltr'>al-</span> 
     </span>
     <span class='ocr_line' id='line_1_41' title="bbox 235 2569 1035 2623; baseline 0.003 -15"><span class='ocrx_word' id='word_1_173' title='bbox 235 2569 372 2622; x_wconf 81' lang='lat' dir='ltr'>ligari,</span> <span class='ocrx_word' id='word_1_174' title='bbox 414 2569 635 2623; x_wconf 83' lang='lat' dir='ltr'>pedesque</span> <span class='ocrx_word' id='word_1_175' title='bbox 685 2570 822 2610; x_wconf 92' lang='lat' dir='ltr'>clauis</span> <span class='ocrx_word' id='word_1_176' title='bbox 873 2569 1035 2623; x_wconf 83' lang='lat' dir='ltr'>configi</span> 
     </span>
     <span class='ocr_line' id='line_1_42' title="bbox 235 2627 1036 2676; baseline 0.002 -10"><span class='ocrx_word' id='word_1_177' title='bbox 235 2627 358 2676; x_wconf 87' lang='lat' dir='ltr'>iusfit,</span> <span class='ocrx_word' id='word_1_178' title='bbox 396 2627 485 2669; x_wconf 87' lang='lat' dir='ltr'>Sed</span> <span class='ocrx_word' id='word_1_179' title='bbox 518 2627 634 2668; x_wconf 92' lang='lat' dir='ltr'>hunc</span> <span class='ocrx_word' id='word_1_180' title='bbox 662 2628 903 2668; x_wconf 92' lang='lat' dir='ltr'>cruciatum</span> <span class='ocrx_word' id='word_1_181' title='bbox 935 2641 1036 2668; x_wconf 91' lang='lat' dir='ltr'>cum</span> 
     </span>
     <span class='ocr_line' id='line_1_43' title="bbox 235 2683 1035 2738; baseline 0.001 -14"><span class='ocrx_word' id='word_1_182' title='bbox 235 2685 305 2725; x_wconf 90' lang='lat' dir='ltr'>die</span> <span class='ocrx_word' id='word_1_183' title='bbox 328 2698 378 2724; x_wconf 91' lang='lat' dir='ltr'>ac</span> <span class='ocrx_word' id='word_1_184' title='bbox 396 2683 527 2725; x_wconf 70' lang='lat' dir='ltr'>no&amp;e</span> <span class='ocrx_word' id='word_1_185' title='bbox 544 2698 707 2738; x_wconf 83' lang='lat' dir='ltr'>magno</span> <span class='ocrx_word' id='word_1_186' title='bbox 724 2686 875 2726; x_wconf 90' lang='lat' dir='ltr'>animo</span> <span class='ocrx_word' id='word_1_187' title='bbox 894 2685 1035 2727; x_wconf 91' lang='lat' dir='ltr'>Chris-</span> 
     </span>
     <span class='ocr_line' id='line_1_44' title="bbox 235 2742 1036 2796; baseline 0.001 -14"><span class='ocrx_word' id='word_1_188' title='bbox 235 2749 330 2782; x_wconf 91' lang='lat' dir='ltr'>tum</span> <span class='ocrx_word' id='word_1_189' title='bbox 349 2742 581 2783; x_wconf 89' lang='lat' dir='ltr'>laudantes</span> <span class='ocrx_word' id='word_1_190' title='bbox 598 2743 881 2796; x_wconf 90' lang='lat' dir='ltr'>pertulissent,</span> <span class='ocrx_word' id='word_1_191' title='bbox 899 2742 1036 2784; x_wconf 88' lang='lat' dir='ltr'>latera</span> 
     </span>
     <span class='ocr_line' id='line_1_45' title="bbox 234 2799 1036 2855; baseline 0 -14"><span class='ocrx_word' id='word_1_192' title='bbox 234 2799 433 2841; x_wconf 85' lang='lat' dir='ltr'>transfixi</span> <span class='ocrx_word' id='word_1_193' title='bbox 482 2800 656 2851; x_wconf 88' lang='lat' dir='ltr'>lanceis,</span> <span class='ocrx_word' id='word_1_194' title='bbox 699 2800 896 2855; x_wconf 90' lang='lat' dir='ltr'>martyrij</span> <span class='ocrx_word' id='word_1_195' title='bbox 941 2800 1036 2854; x_wconf 90' lang='lat' dir='ltr'>pal-</span> 
     </span>
    </p>
   </div>
   <div class='ocr_carea' id='block_1_5' title="bbox 304 2955 767 3045">
    <p class='ocr_par' dir='ltr' id='par_1_6' title="bbox 304 2955 767 3045">
     <span class='ocr_line' id='line_1_46' title="bbox 306 2955 601 2991; baseline 0 -2"><span class='ocrx_word' id='word_1_196' title='bbox 306 2955 315 2977; x_wconf 87' lang='lat'>¹</span> <span class='ocrx_word' id='word_1_197' title='bbox 343 2955 402 2989; x_wconf 89' lang='lat' dir='ltr'>die</span> <span class='ocrx_word' id='word_1_198' title='bbox 424 2956 474 2991; x_wconf 85' lang='lat'>18.</span> <span class='ocrx_word' id='word_1_199' title='bbox 495 2956 534 2989; x_wconf 82' lang='lat' dir='ltr'>in</span> <span class='ocrx_word' id='word_1_200' title='bbox 555 2967 601 2990; x_wconf 85' lang='lat' dir='ltr'>m.</span> 
     </span>
     <span class='ocr_line' id='line_1_47' title="bbox 304 3002 767 3045; baseline 0.004 -9"><span class='ocrx_word' id='word_1_201' title='bbox 304 3002 318 3023; x_wconf 87' lang='lat'>²</span> <span class='ocrx_word' id='word_1_202' title='bbox 344 3002 402 3036; x_wconf 87' lang='lat' dir='ltr'>die</span> <span class='ocrx_word' id='word_1_203' title='bbox 426 3013 475 3045; x_wconf 86' lang='lat'>19.</span> <span class='ocrx_word' id='word_1_204' title='bbox 496 3004 536 3036; x_wconf 77' lang='lat' dir='ltr'>in</span> <span class='ocrx_word' id='word_1_205' title='bbox 555 3015 600 3037; x_wconf 83' lang='lat' dir='ltr'>m.</span> <span class='ocrx_word' id='word_1_206' title='bbox 649 3004 702 3038; x_wconf 83' lang='lat'>61.</span> <span class='ocrx_word' id='word_1_207' title='bbox 724 3003 767 3038; x_wconf 79' lang='lat' dir='ltr'>A.</span> 
     </span>
    </p>
   </div>
   <div class='ocr_carea' id='block_1_6' title="bbox 945 184 1137 218">
    <p class='ocr_par' dir='ltr' id='par_1_7' title="bbox 945 184 1137 218">
     <span class='ocr_line' id='line_1_48' title="bbox 945 184 1137 218; baseline 0.01 -2"><span class='ocrx_word' id='word_1_208' title='bbox 945 184 971 216; x_wconf 87' lang='lat' dir='ltr'><em>J</em></span> <span class='ocrx_word' id='word_1_209' title='bbox 973 184 1067 217; x_wconf 89' lang='lat' dir='ltr'>UNI</span> <span class='ocrx_word' id='word_1_210' title='bbox 1070 185 1137 218; x_wconf 87' lang='lat' dir='ltr'>US.</span> 
     </span>
    </p>
   </div>
   <div class='ocr_carea' id='block_1_7' title="bbox 1107 264 1912 493">
    <p class='ocr_par' dir='ltr' id='par_1_8' title="bbox 1107 264 1912 493">
     <span class='ocr_line' id='line_1_49' title="bbox 1107 264 1912 320; baseline 0.002 -15"><span class='ocrx_word' id='word_1_211' title='bbox 1107 277 1226 305; x_wconf 88' lang='lat' dir='ltr'>mam</span> <span class='ocrx_word' id='word_1_212' title='bbox 1251 264 1348 306; x_wconf 89' lang='lat' dir='ltr'>sunt</span> <span class='ocrx_word' id='word_1_213' title='bbox 1370 265 1532 320; x_wconf 86' lang='lat' dir='ltr'>adepti.</span> <span class='ocrx_word' id='word_1_214' title='bbox 1594 265 1796 320; x_wconf 82' lang='lat' dir='ltr'>Quorum</span> <span class='ocrx_word' id='word_1_215' title='bbox 1818 279 1912 307; x_wconf 87' lang='lat' dir='ltr'>cor-</span> 
     </span>
     <span class='ocr_line' id='line_1_50' title="bbox 1107 321 1910 375; baseline 0.002 -12"><span class='ocrx_word' id='word_1_216' title='bbox 1107 336 1215 375; x_wconf 90' lang='lat' dir='ltr'>pora</span> <span class='ocrx_word' id='word_1_217' title='bbox 1246 322 1272 364; x_wconf 76' lang='lat' dir='ltr'>a</span> <span class='ocrx_word' id='word_1_218' title='bbox 1304 323 1561 365; x_wconf 88' lang='lat' dir='ltr'>Christianis</span> <span class='ocrx_word' id='word_1_219' title='bbox 1593 323 1744 365; x_wconf 88' lang='lat' dir='ltr'>ablata</span> <span class='ocrx_word' id='word_1_220' title='bbox 1775 321 1910 365; x_wconf 59' lang='lat' dir='ltr'>noetu</span> 
     </span>
     <span class='ocr_line' id='line_1_51' title="bbox 1107 380 1911 436; baseline 0.004 -17"><span class='ocrx_word' id='word_1_221' title='bbox 1107 380 1150 420; x_wconf 93' lang='lat' dir='ltr'>in</span> <span class='ocrx_word' id='word_1_222' title='bbox 1169 381 1239 421; x_wconf 88' lang='lat' dir='ltr'>via</span> <span class='ocrx_word' id='word_1_223' title='bbox 1255 382 1485 423; x_wconf 90' lang='lat' dir='ltr'>ardeatina</span> <span class='ocrx_word' id='word_1_224' title='bbox 1502 381 1559 423; x_wconf 90' lang='lat' dir='ltr'>ad</span> <span class='ocrx_word' id='word_1_225' title='bbox 1577 381 1686 436; x_wconf 83' lang='lat' dir='ltr'>xiiij.</span> <span class='ocrx_word' id='word_1_226' title='bbox 1703 380 1911 423; x_wconf 88' lang='lat' dir='ltr'>calendas</span> 
     </span>
     <span class='ocr_line' id='line_1_52' title="bbox 1109 437 1511 493; baseline 0.007 -15"><span class='ocrx_word' id='word_1_227' title='bbox 1109 437 1208 492; x_wconf 90' lang='lat' dir='ltr'>Iulij</span> <span class='ocrx_word' id='word_1_228' title='bbox 1235 438 1511 493; x_wconf 88' lang='lat' dir='ltr'>sepeliuntur.</span> 
     </span>
    </p>
   </div>
   <div class='ocr_carea' id='block_1_8' title="bbox 1426 541 1589 584">
    <p class='ocr_par' dir='ltr' id='par_1_9' title="bbox 1426 541 1589 584">
     <span class='ocr_line' id='line_1_53' title="bbox 1426 541 1589 584; baseline 0.006 -1"><span class='ocrx_word' id='word_1_229' title='bbox 1426 541 1589 584; x_wconf 72' lang='lat' dir='ltr'>Oratio.</span> 
     </span>
    </p>
   </div>
   <div class='ocr_carea' id='block_1_9' title="bbox 1108 610 1912 955">
    <p class='ocr_par' dir='ltr' id='par_1_10' title="bbox 1108 610 1912 955">
     <span class='ocr_line' id='line_1_54' title="bbox 1115 610 1912 692; baseline 0.003 -41"><span class='ocrx_word' id='word_1_230' title='bbox 1115 610 1340 692; x_wconf 80' lang='lat' dir='ltr'>PRaesta</span> <span class='ocrx_word' id='word_1_231' title='bbox 1362 611 1611 664; x_wconf 81' lang='lat' dir='ltr'>quaesumus</span> <span class='ocrx_word' id='word_1_232' title='bbox 1630 611 1912 666; x_wconf 85' lang='lat' dir='ltr'>omnipotens</span> 
     </span>
     <span class='ocr_line' id='line_1_55' title="bbox 1220 667 1911 722; baseline 0.003 -13"><span class='ocrx_word' id='word_1_233' title='bbox 1220 668 1329 709; x_wconf 89' lang='lat' dir='ltr'>deus</span> <span class='ocrx_word' id='word_1_234' title='bbox 1352 684 1360 709; x_wconf 94' lang='lat'>:</span> <span class='ocrx_word' id='word_1_235' title='bbox 1377 675 1423 710; x_wconf 93' lang='lat' dir='ltr'>vt</span> <span class='ocrx_word' id='word_1_236' title='bbox 1440 670 1514 722; x_wconf 88' lang='lat' dir='ltr'>qui</span> <span class='ocrx_word' id='word_1_237' title='bbox 1533 667 1781 711; x_wconf 71' lang='lat' dir='ltr'>san&amp;orum</span> <span class='ocrx_word' id='word_1_238' title='bbox 1798 683 1911 711; x_wconf 91' lang='lat' dir='ltr'>mar-</span> 
     </span>
     <span class='ocr_line' id='line_1_56' title="bbox 1108 727 1912 779; baseline 0.002 -13"><span class='ocrx_word' id='word_1_239' title='bbox 1108 731 1256 779; x_wconf 89' lang='lat' dir='ltr'>tyrum</span> <span class='ocrx_word' id='word_1_240' title='bbox 1278 732 1455 767; x_wconf 88' lang='lat' dir='ltr'>tuorum</span> <span class='ocrx_word' id='word_1_241' title='bbox 1475 727 1613 768; x_wconf 91' lang='lat' dir='ltr'>Marci</span> <span class='ocrx_word' id='word_1_242' title='bbox 1632 733 1677 768; x_wconf 90' lang='lat' dir='ltr'>et</span> <span class='ocrx_word' id='word_1_243' title='bbox 1694 727 1912 768; x_wconf 88' lang='lat' dir='ltr'>Marcelli-</span> 
     </span>
     <span class='ocr_line' id='line_1_57' title="bbox 1109 782 1912 827; baseline 0.005 -4"><span class='ocrx_word' id='word_1_244' title='bbox 1109 783 1179 824; x_wconf 87' lang='lat' dir='ltr'>ani</span> <span class='ocrx_word' id='word_1_245' title='bbox 1213 784 1414 825; x_wconf 90' lang='lat' dir='ltr'>natalitia</span> <span class='ocrx_word' id='word_1_246' title='bbox 1445 784 1629 826; x_wconf 88' lang='lat' dir='ltr'>colimus</span> <span class='ocrx_word' id='word_1_247' title='bbox 1662 784 1722 826; x_wconf 76' lang='lat' dir='ltr'>:a</span> <span class='ocrx_word' id='word_1_248' title='bbox 1743 782 1912 827; x_wconf 69' lang='lat' dir='ltr'>cunE’tis</span> 
     </span>
     <span class='ocr_line' id='line_1_58' title="bbox 1109 841 1912 885; baseline 0.004 -3"><span class='ocrx_word' id='word_1_249' title='bbox 1109 841 1238 882; x_wconf 89' lang='lat' dir='ltr'>malis</span> <span class='ocrx_word' id='word_1_250' title='bbox 1260 843 1594 884; x_wconf 87' lang='lat' dir='ltr'>imminentibus</span> <span class='ocrx_word' id='word_1_251' title='bbox 1610 856 1762 884; x_wconf 89' lang='lat' dir='ltr'>eorum</span> <span class='ocrx_word' id='word_1_252' title='bbox 1779 843 1912 885; x_wconf 89' lang='lat' dir='ltr'>inter-</span> 
     </span>
     <span class='ocr_line' id='line_1_59' title="bbox 1109 900 1764 955; baseline 0.003 -15"><span class='ocrx_word' id='word_1_253' title='bbox 1109 900 1366 941; x_wconf 79' lang='lat' dir='ltr'>cessionibus</span> <span class='ocrx_word' id='word_1_254' title='bbox 1389 900 1623 942; x_wconf 87' lang='lat' dir='ltr'>liberemur</span> <span class='ocrx_word' id='word_1_255' title='bbox 1645 917 1654 942; x_wconf 77' lang='grc' dir='ltr'>ε</span> <span class='ocrx_word' id='word_1_256' title='bbox 1675 914 1764 955; x_wconf 87' lang='lat' dir='ltr'>per.</span> 
     </span>
    </p>
   </div>
   <div class='ocr_carea' id='block_1_10' title="bbox 1110 992 1912 1103">
    <p class='ocr_par' dir='ltr' id='par_1_11' title="bbox 1110 992 1912 1103">
     <span class='ocr_line' id='line_1_60' title="bbox 1110 992 1912 1046; baseline 0.001 -13"><span class='ocrx_word' id='word_1_257' title='bbox 1110 994 1155 1040; x_wconf 62' lang='grc' dir='ltr'>Π</span> <span class='ocrx_word' id='word_1_258' title='bbox 1193 992 1435 1046; x_wconf 76' lang='lat' dir='ltr'>Gemastus,</span> <span class='ocrx_word' id='word_1_259' title='bbox 1463 999 1506 1034; x_wconf 81' lang='lat' dir='ltr'>et</span> <span class='ocrx_word' id='word_1_260' title='bbox 1536 993 1760 1046; x_wconf 75' lang='lat' dir='ltr'>Protastus</span> <span class='ocrx_word' id='word_1_261' title='bbox 1794 1007 1912 1034; x_wconf 88' lang='lat' dir='ltr'>mar-</span> 
     </span>
     <span class='ocr_line' id='line_1_61' title="bbox 1255 1050 1772 1103; baseline 0.002 -12"><span class='ocrx_word' id='word_1_262' title='bbox 1255 1058 1378 1103; x_wconf 77' lang='lat' dir='ltr'>tyres.</span> <span class='ocrx_word' id='word_1_263' title='bbox 1439 1050 1584 1092; x_wconf 65' lang='lat' dir='ltr'>LeHio</span> <span class='ocrx_word' id='word_1_264' title='bbox 1614 1050 1772 1092; x_wconf 49' lang='lat' dir='ltr'>tertiat</span> 
     </span>
    </p>
   </div>
   <div class='ocr_carea' id='block_1_11' title="bbox 1104 1119 1913 2851">
    <p class='ocr_par' dir='ltr' id='par_1_12' title="bbox 1199 1119 1912 1162">
     <span class='ocr_line' id='line_1_62' title="bbox 1199 1119 1912 1162; baseline 0 -1"><span class='ocrx_word' id='word_1_265' title='bbox 1199 1121 1402 1162; x_wconf 77' lang='lat' dir='ltr'>Eruasius</span> <span class='ocrx_word' id='word_1_266' title='bbox 1434 1126 1478 1162; x_wconf 92' lang='lat' dir='ltr'>et</span> <span class='ocrx_word' id='word_1_267' title='bbox 1511 1120 1727 1162; x_wconf 79' lang='lat' dir='ltr'>Protaslus</span> <span class='ocrx_word' id='word_1_268' title='bbox 1758 1119 1912 1162; x_wconf 86' lang='lat' dir='ltr'>fratres</span> 
     </span>
    </p>

    <p class='ocr_par' dir='ltr' id='par_1_13' title="bbox 1104 1178 1913 2851">
     <span class='ocr_line' id='line_1_63' title="bbox 1226 1178 1912 1232; baseline -0.001 -13"><span class='ocrx_word' id='word_1_269' title='bbox 1226 1186 1397 1232; x_wconf 91' lang='lat' dir='ltr'>patrem</span> <span class='ocrx_word' id='word_1_270' title='bbox 1430 1179 1677 1219; x_wconf 89' lang='lat' dir='ltr'>habuerunt</span> <span class='ocrx_word' id='word_1_271' title='bbox 1703 1178 1912 1229; x_wconf 86' lang='lat' dir='ltr'>Vitalem,</span> 
     </span>
     <span class='ocr_line' id='line_1_64' title="bbox 1111 1236 1913 1290; baseline 0 -14"><span class='ocrx_word' id='word_1_272' title='bbox 1111 1236 1186 1290; x_wconf 91' lang='lat' dir='ltr'>qui</span> <span class='ocrx_word' id='word_1_273' title='bbox 1230 1237 1470 1286; x_wconf 80' lang='lat' dir='ltr'>Rauennae,</span> <span class='ocrx_word' id='word_1_274' title='bbox 1506 1243 1551 1278; x_wconf 89' lang='lat' dir='ltr'>et</span> <span class='ocrx_word' id='word_1_275' title='bbox 1592 1243 1779 1277; x_wconf 89' lang='lat' dir='ltr'>matrem</span> <span class='ocrx_word' id='word_1_276' title='bbox 1820 1236 1913 1277; x_wconf 89' lang='lat' dir='ltr'>Va-</span> 
     </span>
     <span class='ocr_line' id='line_1_65' title="bbox 1109 1292 1911 1348; baseline -0.001 -13"><span class='ocrx_word' id='word_1_277' title='bbox 1109 1294 1259 1335; x_wconf 86' lang='lat' dir='ltr'>leriam</span> <span class='ocrx_word' id='word_1_278' title='bbox 1278 1308 1378 1348; x_wconf 84' lang='lat' dir='ltr'>quae</span> <span class='ocrx_word' id='word_1_279' title='bbox 1397 1294 1639 1336; x_wconf 90' lang='lat' dir='ltr'>Mediolani</span> <span class='ocrx_word' id='word_1_280' title='bbox 1656 1308 1736 1348; x_wconf 93' lang='lat' dir='ltr'>pro</span> <span class='ocrx_word' id='word_1_281' title='bbox 1755 1292 1911 1335; x_wconf 87' lang='lat' dir='ltr'>Christi</span> 
     </span>
     <span class='ocr_line' id='line_1_66' title="bbox 1109 1351 1912 1405; baseline -0.001 -12"><span class='ocrx_word' id='word_1_282' title='bbox 1109 1352 1195 1393; x_wconf 90' lang='lat' dir='ltr'>fide</span> <span class='ocrx_word' id='word_1_283' title='bbox 1246 1353 1506 1405; x_wconf 88' lang='lat' dir='ltr'>martyrium</span> <span class='ocrx_word' id='word_1_284' title='bbox 1551 1352 1756 1393; x_wconf 85' lang='lat' dir='ltr'>tulerunt.</span> <span class='ocrx_word' id='word_1_285' title='bbox 1830 1351 1912 1392; x_wconf 82' lang='lat' dir='ltr'>Pa-</span> 
     </span>
     <span class='ocr_line' id='line_1_67' title="bbox 1108 1408 1910 1464; baseline 0 -13"><span class='ocrx_word' id='word_1_286' title='bbox 1108 1417 1283 1451; x_wconf 90' lang='lat' dir='ltr'>rentum</span> <span class='ocrx_word' id='word_1_287' title='bbox 1306 1411 1438 1463; x_wconf 84' lang='lat' dir='ltr'>igitur</span> <span class='ocrx_word' id='word_1_288' title='bbox 1465 1411 1678 1464; x_wconf 85' lang='lat' dir='ltr'>pietatem</span> <span class='ocrx_word' id='word_1_289' title='bbox 1711 1416 1755 1451; x_wconf 91' lang='lat' dir='ltr'>et</span> <span class='ocrx_word' id='word_1_290' title='bbox 1776 1408 1910 1451; x_wconf 90' lang='lat' dir='ltr'>fidem</span> 
     </span>
     <span class='ocr_line' id='line_1_68' title="bbox 1108 1468 1910 1522; baseline -0.001 -13"><span class='ocrx_word' id='word_1_291' title='bbox 1108 1468 1370 1509; x_wconf 74' lang='lat' dir='ltr'>aemulantes</span> <span class='ocrx_word' id='word_1_292' title='bbox 1392 1468 1486 1522; x_wconf 93' lang='lat' dir='ltr'>post</span> <span class='ocrx_word' id='word_1_293' title='bbox 1509 1468 1699 1522; x_wconf 92' lang='lat' dir='ltr'>ipsorum</span> <span class='ocrx_word' id='word_1_294' title='bbox 1722 1473 1910 1508; x_wconf 88' lang='lat' dir='ltr'>mortem</span> 
     </span>
     <span class='ocr_line' id='line_1_69' title="bbox 1107 1525 1910 1579; baseline -0.001 -13"><span class='ocrx_word' id='word_1_295' title='bbox 1107 1526 1236 1567; x_wconf 84' lang='lat' dir='ltr'>iuxta</span> <span class='ocrx_word' id='word_1_296' title='bbox 1305 1526 1530 1566; x_wconf 81' lang='lat' dir='ltr'>consilium</span> <span class='ocrx_word' id='word_1_297' title='bbox 1605 1525 1910 1579; x_wconf 88' lang='lat' dir='ltr'>euangelicum</span> 
     </span>
     <span class='ocr_line' id='line_1_70' title="bbox 1109 1583 1911 1637; baseline -0.001 -13"><span class='ocrx_word' id='word_1_298' title='bbox 1109 1597 1264 1624; x_wconf 88' lang='lat' dir='ltr'>omnes</span> <span class='ocrx_word' id='word_1_299' title='bbox 1282 1583 1377 1624; x_wconf 92' lang='lat' dir='ltr'>suas</span> <span class='ocrx_word' id='word_1_300' title='bbox 1394 1583 1627 1624; x_wconf 87' lang='lat' dir='ltr'>facultates</span> <span class='ocrx_word' id='word_1_301' title='bbox 1643 1583 1911 1637; x_wconf 90' lang='lat' dir='ltr'>pauperibus</span> 
     </span>
     <span class='ocr_line' id='line_1_71' title="bbox 1109 1641 1910 1694; baseline -0.001 -12"><span class='ocrx_word' id='word_1_302' title='bbox 1109 1641 1431 1690; x_wconf 89' lang='lat' dir='ltr'>distribuerunt,</span> <span class='ocrx_word' id='word_1_303' title='bbox 1488 1648 1532 1682; x_wconf 92' lang='lat' dir='ltr'>et</span> <span class='ocrx_word' id='word_1_304' title='bbox 1593 1641 1737 1682; x_wconf 89' lang='lat' dir='ltr'>seruos</span> <span class='ocrx_word' id='word_1_305' title='bbox 1797 1654 1910 1694; x_wconf 92' lang='lat' dir='ltr'>quos</span> 
     </span>
     <span class='ocr_line' id='line_1_72' title="bbox 1108 1698 1910 1747; baseline -0.002 -7"><span class='ocrx_word' id='word_1_306' title='bbox 1108 1698 1335 1740; x_wconf 91' lang='lat' dir='ltr'>habebant</span> <span class='ocrx_word' id='word_1_307' title='bbox 1405 1699 1607 1740; x_wconf 88' lang='lat' dir='ltr'>libertate</span> <span class='ocrx_word' id='word_1_308' title='bbox 1676 1699 1910 1747; x_wconf 89' lang='lat' dir='ltr'>donarunt,</span> 
     </span>
     <span class='ocr_line' id='line_1_73' title="bbox 1110 1755 1909 1810; baseline -0.001 -13"><span class='ocrx_word' id='word_1_309' title='bbox 1110 1756 1282 1810; x_wconf 77' lang='lat' dir='ltr'>Quibus</span> <span class='ocrx_word' id='word_1_310' title='bbox 1316 1757 1445 1798; x_wconf 90' lang='lat' dir='ltr'>rebus</span> <span class='ocrx_word' id='word_1_311' title='bbox 1486 1763 1530 1798; x_wconf 87' lang='lat' dir='ltr'>et</span> <span class='ocrx_word' id='word_1_312' title='bbox 1563 1755 1765 1810; x_wconf 87' lang='lat' dir='ltr'>smgulari</span> <span class='ocrx_word' id='word_1_313' title='bbox 1804 1756 1909 1797; x_wconf 87' lang='lat' dir='ltr'>vitae</span> 
     </span>
     <span class='ocr_line' id='line_1_74' title="bbox 1108 1813 1909 1868; baseline 0 -13"><span class='ocrx_word' id='word_1_314' title='bbox 1108 1813 1337 1855; x_wconf 64' lang='lat' dir='ltr'>sancstitate</span> <span class='ocrx_word' id='word_1_315' title='bbox 1406 1814 1618 1855; x_wconf 88' lang='lat' dir='ltr'>commoti</span> <span class='ocrx_word' id='word_1_316' title='bbox 1677 1813 1909 1868; x_wconf 86' lang='lat' dir='ltr'>gentilium</span> 
     </span>
     <span class='ocr_line' id='line_1_75' title="bbox 1109 1871 1909 1924; baseline -0.001 -11"><span class='ocrx_word' id='word_1_317' title='bbox 1109 1873 1355 1914; x_wconf 89' lang='lat' dir='ltr'>sacerdotes</span> <span class='ocrx_word' id='word_1_318' title='bbox 1409 1872 1664 1914; x_wconf 65' lang='lat' dir='ltr'>Christianae</span> <span class='ocrx_word' id='word_1_319' title='bbox 1708 1871 1909 1924; x_wconf 88' lang='lat' dir='ltr'>religioni</span> 
     </span>
     <span class='ocr_line' id='line_1_76' title="bbox 1109 1929 1909 1984; baseline -0.001 -13"><span class='ocrx_word' id='word_1_320' title='bbox 1109 1930 1260 1979; x_wconf 86' lang='lat' dir='ltr'>infesti,</span> <span class='ocrx_word' id='word_1_321' title='bbox 1292 1944 1503 1984; x_wconf 85' lang='lat' dir='ltr'>magnum</span> <span class='ocrx_word' id='word_1_322' title='bbox 1536 1930 1580 1970; x_wconf 94' lang='lat' dir='ltr'>in</span> <span class='ocrx_word' id='word_1_323' title='bbox 1612 1930 1727 1984; x_wconf 91' lang='lat' dir='ltr'>ipsos</span> <span class='ocrx_word' id='word_1_324' title='bbox 1756 1929 1909 1971; x_wconf 90' lang='lat' dir='ltr'>odium</span> 
     </span>
     <span class='ocr_line' id='line_1_77' title="bbox 1108 1987 1908 2042; baseline -0.003 -13"><span class='ocrx_word' id='word_1_325' title='bbox 1108 1988 1462 2042; x_wconf 88' lang='lat' dir='ltr'>atqueinuidiam</span> <span class='ocrx_word' id='word_1_326' title='bbox 1471 1993 1775 2041; x_wconf 88' lang='lat' dir='ltr'>conceperunt.</span> <span class='ocrx_word' id='word_1_327' title='bbox 1794 1987 1908 2028; x_wconf 90' lang='lat' dir='ltr'>Cum</span> 
     </span>
     <span class='ocr_line' id='line_1_78' title="bbox 1109 2043 1911 2100; baseline -0.002 -13"><span class='ocrx_word' id='word_1_328' title='bbox 1109 2060 1214 2100; x_wconf 90' lang='lat' dir='ltr'>ergo</span> <span class='ocrx_word' id='word_1_329' title='bbox 1264 2060 1342 2100; x_wconf 91' lang='lat' dir='ltr'>per</span> <span class='ocrx_word' id='word_1_330' title='bbox 1386 2046 1429 2087; x_wconf 93' lang='lat' dir='ltr'>id</span> <span class='ocrx_word' id='word_1_331' title='bbox 1471 2052 1648 2100; x_wconf 91' lang='lat' dir='ltr'>tempus</span> <span class='ocrx_word' id='word_1_332' title='bbox 1688 2043 1911 2086; x_wconf 84' lang='lat' dir='ltr'>Astafius⁸</span> 
     </span>
     <span class='ocr_line' id='line_1_79' title="bbox 1108 2103 1911 2157; baseline -0.002 -12"><span class='ocrx_word' id='word_1_333' title='bbox 1108 2118 1257 2145; x_wconf 89' lang='lat' dir='ltr'>comes</span> <span class='ocrx_word' id='word_1_334' title='bbox 1290 2105 1333 2144; x_wconf 93' lang='lat' dir='ltr'>in</span> <span class='ocrx_word' id='word_1_335' title='bbox 1370 2103 1535 2145; x_wconf 90' lang='lat' dir='ltr'>bellum</span> <span class='ocrx_word' id='word_1_336' title='bbox 1569 2103 1911 2157; x_wconf 89' lang='lat' dir='ltr'>proficisceretur</span> 
     </span>
     <span class='ocr_line' id='line_1_80' title="bbox 1107 2160 1910 2215; baseline -0.002 -12"><span class='ocrx_word' id='word_1_337' title='bbox 1107 2162 1221 2203; x_wconf 92' lang='lat' dir='ltr'>hanc</span> <span class='ocrx_word' id='word_1_338' title='bbox 1239 2162 1451 2203; x_wconf 90' lang='lat' dir='ltr'>nefariam</span> <span class='ocrx_word' id='word_1_339' title='bbox 1469 2162 1683 2202; x_wconf 91' lang='lat' dir='ltr'>rationem</span> <span class='ocrx_word' id='word_1_340' title='bbox 1706 2161 1803 2215; x_wconf 91' lang='lat' dir='ltr'>pios</span> <span class='ocrx_word' id='word_1_341' title='bbox 1825 2160 1910 2201; x_wconf 87' lang='lat' dir='ltr'>sra-</span> 
     </span>
     <span class='ocr_line' id='line_1_81' title="bbox 1106 2219 1909 2261; baseline -0.002 0"><span class='ocrx_word' id='word_1_342' title='bbox 1106 2226 1194 2261; x_wconf 88' lang='lat' dir='ltr'>tres</span> <span class='ocrx_word' id='word_1_343' title='bbox 1226 2234 1250 2261; x_wconf 92' lang='lat' dir='ltr'>e</span> <span class='ocrx_word' id='word_1_344' title='bbox 1281 2220 1428 2261; x_wconf 92' lang='lat' dir='ltr'>medio</span> <span class='ocrx_word' id='word_1_345' title='bbox 1459 2219 1643 2260; x_wconf 92' lang='lat' dir='ltr'>tollendi</span> <span class='ocrx_word' id='word_1_346' title='bbox 1665 2219 1909 2260; x_wconf 89' lang='lat' dir='ltr'>sacerdotes</span> 
     </span>
     <span class='ocr_line' id='line_1_82' title="bbox 1108 2276 1910 2327; baseline -0.004 -8"><span class='ocrx_word' id='word_1_347' title='bbox 1108 2278 1340 2327; x_wconf 88' lang='lat' dir='ltr'>iniuerunt,</span> <span class='ocrx_word' id='word_1_348' title='bbox 1361 2284 1409 2319; x_wconf 92' lang='lat' dir='ltr'>vt</span> <span class='ocrx_word' id='word_1_349' title='bbox 1439 2277 1622 2326; x_wconf 88' lang='lat' dir='ltr'>Astafio,</span> <span class='ocrx_word' id='word_1_350' title='bbox 1647 2277 1768 2318; x_wconf 89' lang='lat' dir='ltr'>velut</span> <span class='ocrx_word' id='word_1_351' title='bbox 1798 2276 1910 2317; x_wconf 88' lang='lat' dir='ltr'>diui-</span> 
     </span>
     <span class='ocr_line' id='line_1_83' title="bbox 1107 2334 1908 2389; baseline -0.004 -12"><span class='ocrx_word' id='word_1_352' title='bbox 1107 2337 1226 2377; x_wconf 93' lang='lat' dir='ltr'>nitus</span> <span class='ocrx_word' id='word_1_353' title='bbox 1296 2336 1525 2385; x_wconf 88' lang='lat' dir='ltr'>admoniti,</span> <span class='ocrx_word' id='word_1_354' title='bbox 1586 2334 1908 2389; x_wconf 89' lang='lat' dir='ltr'>persuaderent,</span> 
     </span>
     <span class='ocr_line' id='line_1_84' title="bbox 1107 2393 1908 2447; baseline -0.004 -12"><span class='ocrx_word' id='word_1_355' title='bbox 1107 2400 1316 2447; x_wconf 84' lang='lat' dir='ltr'>negatam</span> <span class='ocrx_word' id='word_1_356' title='bbox 1339 2393 1414 2447; x_wconf 80' lang='lat' dir='ltr'>ipsi</span> <span class='ocrx_word' id='word_1_357' title='bbox 1433 2393 1516 2434; x_wconf 91' lang='lat' dir='ltr'>esse</span> <span class='ocrx_word' id='word_1_358' title='bbox 1532 2393 1710 2434; x_wconf 88' lang='lat' dir='ltr'>decreto</span> <span class='ocrx_word' id='word_1_359' title='bbox 1724 2393 1908 2433; x_wconf 89' lang='lat' dir='ltr'>deorum</span> 
     </span>
     <span class='ocr_line' id='line_1_85' title="bbox 1105 2449 1909 2502; baseline -0.004 -9"><span class='ocrx_word' id='word_1_360' title='bbox 1105 2451 1349 2502; x_wconf 60' lang='lat' dir='ltr'>katoriam,</span> <span class='ocrx_word' id='word_1_361' title='bbox 1367 2451 1441 2491; x_wconf 82' lang='lat' dir='ltr'>nisi</span> <span class='ocrx_word' id='word_1_362' title='bbox 1461 2450 1714 2491; x_wconf 82' lang='lat' dir='ltr'>Geruafium</span> <span class='ocrx_word' id='word_1_363' title='bbox 1738 2455 1782 2491; x_wconf 91' lang='lat' dir='ltr'>et</span> <span class='ocrx_word' id='word_1_364' title='bbox 1805 2449 1909 2490; x_wconf 90' lang='lat' dir='ltr'>Pro-</span> 
     </span>
     <span class='ocr_line' id='line_1_86' title="bbox 1106 2506 1908 2556; baseline -0.005 -5"><span class='ocrx_word' id='word_1_365' title='bbox 1106 2510 1261 2551; x_wconf 81' lang='lat' dir='ltr'>tasium</span> <span class='ocrx_word' id='word_1_366' title='bbox 1293 2508 1319 2550; x_wconf 78' lang='lat' dir='ltr'>a</span> <span class='ocrx_word' id='word_1_367' title='bbox 1356 2507 1511 2551; x_wconf 89' lang='lat' dir='ltr'>Christi</span> <span class='ocrx_word' id='word_1_368' title='bbox 1546 2508 1632 2549; x_wconf 91' lang='lat' dir='ltr'>fide</span> <span class='ocrx_word' id='word_1_369' title='bbox 1665 2506 1908 2556; x_wconf 88' lang='lat' dir='ltr'>desciscere,</span> 
     </span>
     <span class='ocr_line' id='line_1_87' title="bbox 1107 2563 1909 2622; baseline -0.004 -14"><span class='ocrx_word' id='word_1_370' title='bbox 1107 2567 1288 2622; x_wconf 79' lang='lat' dir='ltr'>ipsisque</span> <span class='ocrx_word' id='word_1_371' title='bbox 1310 2566 1395 2619; x_wconf 89' lang='lat' dir='ltr'>dijs</span> <span class='ocrx_word' id='word_1_372' title='bbox 1418 2565 1655 2607; x_wconf 85' lang='lat' dir='ltr'>sacrificare</span> <span class='ocrx_word' id='word_1_373' title='bbox 1671 2563 1909 2618; x_wconf 88' lang='lat' dir='ltr'>compelle-</span> 
     </span>
     <span class='ocr_line' id='line_1_88' title="bbox 1106 2621 1909 2678; baseline -0.004 -12"><span class='ocrx_word' id='word_1_374' title='bbox 1106 2632 1182 2667; x_wconf 92' lang='lat' dir='ltr'>ret.</span> <span class='ocrx_word' id='word_1_375' title='bbox 1245 2624 1376 2678; x_wconf 80' lang='lat' dir='ltr'>Quod</span> <span class='ocrx_word' id='word_1_376' title='bbox 1399 2638 1499 2665; x_wconf 92' lang='lat' dir='ltr'>cum</span> <span class='ocrx_word' id='word_1_377' title='bbox 1517 2623 1710 2664; x_wconf 85' lang='lat' dir='ltr'>Astafius</span> <span class='ocrx_word' id='word_1_378' title='bbox 1731 2622 1789 2664; x_wconf 91' lang='lat' dir='ltr'>ab</span> <span class='ocrx_word' id='word_1_379' title='bbox 1809 2621 1909 2676; x_wconf 87' lang='lat' dir='ltr'>ipfis</span> 
     </span>
     <span class='ocr_line' id='line_1_89' title="bbox 1106 2680 1908 2736; baseline -0.005 -12"><span class='ocrx_word' id='word_1_380' title='bbox 1106 2697 1186 2724; x_wconf 91' lang='lat' dir='ltr'>nec</span> <span class='ocrx_word' id='word_1_381' title='bbox 1201 2682 1402 2736; x_wconf 88' lang='lat' dir='ltr'>precibus</span> <span class='ocrx_word' id='word_1_382' title='bbox 1417 2683 1663 2735; x_wconf 90' lang='lat' dir='ltr'>impetrare,</span> <span class='ocrx_word' id='word_1_383' title='bbox 1679 2693 1760 2721; x_wconf 91' lang='lat' dir='ltr'>nec</span> <span class='ocrx_word' id='word_1_384' title='bbox 1777 2680 1908 2721; x_wconf 88' lang='lat' dir='ltr'>minis</span> 
     </span>
     <span class='ocr_line' id='line_1_90' title="bbox 1105 2737 1908 2794; baseline -0.005 -12"><span class='ocrx_word' id='word_1_385' title='bbox 1105 2747 1371 2794; x_wconf 89' lang='lat' dir='ltr'>extorquere</span> <span class='ocrx_word' id='word_1_386' title='bbox 1403 2739 1620 2793; x_wconf 91' lang='lat' dir='ltr'>potuisset,</span> <span class='ocrx_word' id='word_1_387' title='bbox 1654 2737 1811 2779; x_wconf 90' lang='lat' dir='ltr'>eodem</span> <span class='ocrx_word' id='word_1_388' title='bbox 1843 2737 1908 2778; x_wconf 90' lang='lat' dir='ltr'>iu-</span> 
     </span>
     <span class='ocr_line' id='line_1_91' title="bbox 1104 2795 1906 2851; baseline -0.006 -10"><span class='ocrx_word' id='word_1_389' title='bbox 1104 2799 1237 2841; x_wconf 87' lang='lat' dir='ltr'>bente</span> <span class='ocrx_word' id='word_1_390' title='bbox 1251 2797 1480 2840; x_wconf 78' lang='lat' dir='ltr'>Geruasius</span> <span class='ocrx_word' id='word_1_391' title='bbox 1495 2796 1736 2851; x_wconf 88' lang='lat' dir='ltr'>plumbatis</span> <span class='ocrx_word' id='word_1_392' title='bbox 1752 2795 1906 2837; x_wconf 88' lang='lat' dir='ltr'>tandiu</span> 
     </span>
    </p>
   </div>
   <div class='ocr_carea' id='block_1_12' title="bbox 1175 2955 1490 2990">
    <p class='ocr_par' dir='ltr' id='par_1_14' title="bbox 1175 2955 1490 2990">
     <span class='ocr_line' id='line_1_92' title="bbox 1175 2955 1490 2990; baseline -0.003 0"><span class='ocrx_word' id='word_1_393' title='bbox 1175 2955 1189 2977; x_wconf 80' lang='lat'>3</span> <span class='ocrx_word' id='word_1_394' title='bbox 1214 2955 1391 2990; x_wconf 79' lang='lat' dir='ltr'>Arstasius</span> <span class='ocrx_word' id='word_1_395' title='bbox 1415 2966 1421 2989; x_wconf 91' lang='lat'>:</span> <span class='ocrx_word' id='word_1_396' title='bbox 1441 2955 1490 2989; x_wconf 87' lang='lat' dir='ltr'>A.</span> 
     </span>
    </p>
   </div>
  </div>
 </body>
</html>
