2066 3392
34 191 42 202 z>
30 162 35 163 ¹
30 77 49 126 *rr*

910 210 1084 244 MAIUS.

165 292 315 342 Terra,
367 297 543 347 pontus,
584 290 708 340 astra,
761 290 966 338 mundus,

167 350 270 406 Quo
291 350 496 392 lauantur
517 349 709 391 flumine.

225 407 348 450 Crux
363 407 505 449 fidelis
521 407 634 448 inter
648 419 803 448 omnes
818 405 968 463 Arbor

165 479 253 507 vna
283 465 443 508 nobilis
470 480 479 506 ε
507 464 644 506 Nulla
675 464 798 518 sylua
829 464 966 505 talem

166 523 331 578 profert
354 523 543 572 Fronde,
566 522 708 572 Flore,
730 522 940 564 Germine
959 537 967 562 :

168 580 311 623 Dulce
365 581 547 635 lignum,
599 580 751 622 dulces
803 579 967 629 clauos,

169 638 312 681 Dulce
332 639 508 692 pondus
530 638 720 680 sustinet.

227 695 379 739 Flefte
396 710 542 738 ramos
559 696 690 738 arbor
705 694 808 745 alta,
822 694 966 736 Tensa

167 754 274 796 laxa
301 754 463 796 viscera
485 770 493 796 :
523 754 583 795 Et
611 754 729 808 rigor
756 753 968 794 lentescat

168 812 253 862 ille,
290 811 437 866 Quem
473 813 597 854 dedit
633 812 842 853 natiuitas
879 824 889 852 z
921 817 968 852 vt

167 869 339 925 superni
354 870 552 911 membra
566 870 681 923 regis
696 870 796 911 Miti
811 869 968 911 tendas

171 928 328 982 stipite.

227 985 334 1028 Sola
353 986 491 1039 digna
512 991 560 1027 tu
582 985 696 1027 fuisti
722 985 852 1026 Ferre
870 984 968 1026 secli

169 1043 366 1098 precium
388 1059 396 1085 :
416 1043 571 1098 Atque
599 1050 775 1097 portum
799 1056 968 1096 praepa-

170 1115 265 1142 rare
306 1101 459 1142 Nauta
498 1102 667 1143 mundo
705 1100 919 1154 naufrago
957 1115 967 1142 ε

169 1157 317 1212 Quem
333 1159 450 1200 sacer
462 1173 590 1200 cruor
604 1159 815 1213 perunxit
830 1157 969 1199 Fusus

169 1217 274 1271 agni
297 1230 491 1271 corpore.

228 1274 391 1324 Gloria,
405 1282 448 1316 et
470 1275 612 1315 honor
633 1274 718 1316 deo
730 1273 970 1328 Vsquequo

169 1331 383 1374 altiffimo.
473 1332 575 1373 Vna
620 1333 746 1386 patri,
790 1332 969 1386 filioque

172 1389 346 1444 Inclyto
368 1390 592 1445 paracleto
614 1390 697 1432 Cui
721 1390 815 1431 laus
837 1389 909 1439 est,
926 1396 970 1431 et

170 1447 365 1502 potestas
418 1448 499 1489 Per
550 1447 763 1489 immensa
815 1447 966 1489 secula.

170 1505 336 1547 Amen.

418 1641 562 1683 Lcc‘Zio
584 1642 722 1683 tertia.

277 1730 418 1773 Elena
479 1731 760 1774 Constantini
828 1738 971 1773 mater

298 1789 454 1830 mulier
484 1789 695 1843 religione
725 1796 770 1831 et
802 1790 970 1843 pietate

170 1845 335 1899 insigni,
369 1847 619 1888 diuinarum
652 1861 796 1888 rerum
828 1847 970 1888 studio

169 1901 471 1959 noeturnoque
507 1905 597 1946 visu
639 1905 823 1959 impulsa
860 1905 969 1946 iero-

169 1960 382 2015 solymam
422 1976 476 2003 eo
517 1963 694 2004 nomine
741 1962 882 2017 petijt‚
923 1971 970 2004 vt

170 2019 441 2061 dominicam
507 2026 722 2074 quaereret
782 2034 969 2070 crucem,

172 2076 290 2118 vnde
317 2076 513 2118 humana
541 2078 653 2119 salus
684 2078 968 2132 pependisset.

171 2133 262 2175 Vbi
284 2140 433 2176 autem
463 2135 558 2176 haec
586 2135 750 2176 defossa
778 2142 886 2185 erat,
910 2137 968 2177 ibi

171 2205 229 2232 cx
248 2191 456 2233 industria
474 2192 615 2234 fuerat
632 2194 803 2234 veneris
826 2193 969 2234 simul-

172 2248 354 2291 achrum
395 2249 679 2291 constitutum
722 2251 779 2292 ab
821 2251 969 2305 impijs

172 2305 274 2348 fidei
325 2306 687 2361 persecutoribus,
739 2315 786 2350 vt
836 2322 968 2350 omne

171 2364 406 2405 dominicae
419 2365 621 2419 passionis
630 2373 967 2408 monumentum

173 2421 433 2464 aboleretur.
466 2421 525 2463 Et
541 2422 567 2463 si
583 2423 679 2477 quis
698 2423 969 2466 Christianus

173 2492 227 2520 eo
259 2479 356 2520 loco
388 2479 606 2522 Christum
637 2481 854 2532 adoraret,
881 2481 968 2523 Ve-

173 2549 321 2578 nerem
352 2536 593 2579 videretur¹
616 2539 810 2580 adorare.
873 2539 970 2582 Cae-

171 2600 315 2635 terum
354 2594 610 2637 fimulachro
646 2596 748 2638 inde
784 2595 968 2647 deiefto,

174 2651 361 2706 locoque
379 2653 607 2694 ruderibus
624 2659 826 2708 purgato,
844 2655 967 2697 Crux

174 2715 346 2764 reperta
367 2709 427 2751 est
446 2726 454 2751 :
484 2716 528 2752 et
549 2724 651 2752 cum
673 2725 726 2753 ea
746 2712 847 2753 duae
869 2713 967 2755 aliae

173 2765 394 2815 subrutae¹‚
412 2768 528 2809 vnde
551 2767 641 2809 duo
663 2770 967 2823 pependerant

242 2913 252 2935 ¹
279 2914 491 2950 viderentur
515 2927 520 2950 :
543 2916 578 2950 1¹.

242 2962 255 2982 ²
281 2960 425 2997 subrate
448 2974 455 2996 :
478 2962 515 2996 Ρ.

239 3007 252 3028 ³
278 3007 338 3042 (lie
354 3017 421 3043 .22.
442 3009 481 3043 iu
501 3020 546 3044 m.
569 3010 610 3043 V.

292 3074 327 3107 Β.
346 3074 391 3108 N.

1763 206 1843 247 129

1038 287 1243 329 latrones.
1277 287 1367 330 Sed
1396 286 1666 328 obturbabat
1695 299 1839 341 reper-

1037 346 1071 388 ti
1093 345 1287 386 muneris
1316 343 1542 386 laetitiam³
1575 343 1839 387 vniuscuius-

1037 417 1124 457 que
1152 403 1292 444 crucis
1321 402 1553 444 indiscreta
1581 403 1839 456 proprietas.

1037 461 1212 502 Aderat
1253 462 1434 516 quidem
1477 467 1522 502 et
1557 459 1713 502 titulus
1755 458 1841 508 ille,

1038 519 1113 573 qui
1141 519 1357 569 hebraice,
1391 532 1547 574 graece,
1578 525 1623 560 et
1653 518 1791 559 latine
1815 516 1841 558 a
1909 538 1915 541 ·

1039 576 1182 619 Pilato
1204 577 1346 619 suerat
1369 576 1650 631 conscriptus,
1669 575 1741 617 sed
1761 589 1841 617 nec

1037 634 1127 689 ipse
1187 635 1288 676 satis
1339 635 1568 676 euidenter
1627 633 1839 676 dominici

1037 693 1255 747 prodebat
1276 692 1395 747 signa
1417 692 1617 747 patibuli.
1672 692 1841 733 Diuino

1038 757 1187 792 autem
1218 751 1432 792 miraculo
1461 765 1570 792 mox
1594 749 1840 799 consecuto,

1038 809 1183 850 omnis
1225 808 1398 863 prorsus
1435 809 1707 863 ambiguitas
1743 807 1841 849 sub-

1039 866 1131 908 lata
1172 866 1243 909 est.
1304 867 1420 909 Cum
1457 867 1576 908 enim
1617 866 1841 907 Macarius

1040 924 1434 978 Ierosolymitanus
1472 924 1700 978 episcopus
1738 923 1840 964 susis

1038 982 1096 1023 ad
1117 983 1251 1023 deum
1270 983 1474 1036 precibus
1491 989 1538 1024 vt
1553 982 1596 1023 id
1612 981 1841 1030 reuelaret‚

1038 1039 1193 1081 frustra
1213 1040 1325 1082 duas
1347 1040 1484 1081 nobili
1502 1040 1678 1081 cuidam
1698 1039 1841 1081 soemi-

1040 1111 1108 1139 nae
1146 1097 1280 1152 longa
1320 1098 1584 1152 aegritudine
1625 1095 1840 1139 confeEtae

1039 1162 1084 1197 et
1121 1156 1208 1197 iam
1245 1170 1384 1210 prope
1424 1154 1646 1197 defunetae
1684 1157 1841 1197 admo-

1041 1213 1187 1255 uisset*
1222 1230 1231 1255 :
1269 1215 1453 1255 admota
1490 1215 1623 1255 tertia
1659 1219 1843 1268 repente

1040 1271 1265 1325 adapertis
1301 1272 1439 1313 oculis
1476 1272 1634 1313 mulier
1666 1271 1841 1313 consur-

1041 1330 1168 1379 rexit,
1210 1336 1254 1372 et
1296 1330 1534 1371 stabilitate
1574 1330 1731 1371 virium
1775 1343 1841 1370 re-

1040 1394 1172 1441 cepta
1239 1388 1425 1429 alacrior
1493 1387 1635 1429 multo
1702 1401 1838 1441 quam

1039 1458 1140 1486 cum
1193 1445 1296 1487 sana
1346 1445 1499 1496 fuerat,
1556 1451 1653 1487 tota
1703 1446 1840 1487 domo

1039 1502 1286 1553 discurrere,
1328 1510 1373 1545 et
1429 1503 1716 1557 magnificare
1766 1503 1839 1545 dei

1039 1562 1285 1614 potentiam
1308 1562 1455 1615 coepit.
1511 1561 1686 1603 Helena
1709 1561 1841 1615 igitur

1039 1619 1235 1661 euidenti
1283 1619 1466 1661 indicio⁵
1515 1620 1608 1661 voti
1655 1633 1840 1674 compos

1040 1675 1490 1731 saeta,templum,vbi
1506 1691 1679 1719 crucem
1696 1691 1840 1731 reper-

1038 1741 1134 1776 erat
1157 1749 1166 1777 :
1189 1735 1422 1789 magnifice
1443 1735 1704 1777 construxit.
1751 1736 1840 1777 Ibi-

1039 1806 1126 1846 que
1147 1799 1319 1847 partem
1341 1794 1480 1835 crucis
1503 1793 1678 1847 reliquit
1699 1793 1840 1835 thecis

1038 1852 1260 1904 argenteis
1282 1851 1531 1893 conclusam
1554 1858 1727 1906 partem
1750 1851 1841 1892 filio

1038 1908 1209 1950 detulit.
1261 1909 1398 1952 Cuius
1419 1923 1520 1963 pars
1543 1909 1692 1963 postea
1715 1923 1841 1964 repo-

1039 1965 1115 2007 sita
1138 1966 1218 2008 fuit
1242 1967 1400 2008 Romae
1424 1969 1466 2008 in
1483 1968 1581 2008 aede
1599 1966 1841 2016 sessoriana,

1038 2037 1138 2077 qua:
1161 2022 1338 2066 Sanfitae
1361 2025 1500 2066 crucis
1527 2026 1569 2066 in
1603 2025 1839 2066 Ierusalem

1040 2088 1296 2136 nuncupata
1336 2082 1408 2124 est.
1493 2082 1663 2124 Attulit
1705 2083 1841 2125 etiam

1039 2139 1188 2180 clauos
1210 2146 1312 2190 tres,
1329 2140 1490 2194 quibus
1507 2140 1662 2183 Christi
1681 2155 1842 2195 corpus

1038 2196 1180 2238 fuerat
1221 2197 1417 2239 affixum.
1507 2197 1710 2253 Quorum
1754 2212 1841 2240 vno

1040 2253 1355 2296 Constantinus
1407 2269 1488 2309 pro
1545 2256 1742 2298 amuleto
1795 2258 1838 2298 in

1039 2325 1152 2353 cono
1182 2312 1322 2366 galeae
1353 2313 1453 2355 vsus
1495 2313 1566 2356 est.
1628 2314 1839 2356 Alterum

1038 2370 1197 2411 deiecit
1226 2371 1269 2411 in
1300 2384 1421 2412 mare
1452 2372 1508 2413 ad
1539 2371 1705 2414 foedam
1728 2379 1841 2414 tern-

1038 2427 1252 2481 pestatem
1275 2429 1656 2483 compescendam.
1721 2430 1840 2472 Reli-

1038 2498 1176 2538 quum
1229 2485 1404 2528 inseruit
1461 2487 1688 2529 bellatoris
1738 2489 1839 2543 equi

1038 2542 1173 2592 sren0,
1205 2550 1401 2586 veterem
1436 2544 1721 2599 prophetiam
1763 2548 1840 2588 ad-

1039 2600 1238 2654 implens,
1268 2602 1374 2643 olim
1396 2603 1515 2644 enim
1539 2603 1592 2644 sic
1616 2603 1841 2646 zacharias

1038 2658 1255 2712 propheta
1283 2659 1566 2710 clamauerat‚
1589 2661 1686 2703 Erit
1718 2662 1839 2716 quod

1039 2714 1166 2770 super
1199 2716 1371 2759 frenum
1408 2719 1508 2772 equi
1544 2718 1605 2760 est
1642 2718 1839 2762 sanetum

1037 2773 1232 2817 domino.
1274 2774 1362 2829 Qui
1377 2775 1679 2818 constantinus
1694 2777 1840 2832 legem

1107 2920 1119 2941 ⁴
1145 2921 1389 2958 admonuisset
1412 2936 1418 2959 :
1437 2925 1480 2958 Α.

1109 2967 1124 2987 ⁵
1149 2969 1285 3004 iudicio
1310 2982 1316 3005 :
1340 2971 1376 3005 l’.

1697 3092 1724 3128 9
