2066 3392
875 197 918 230 Ν
918 197 946 229 Ο
957 195 1176 228 VEMBER.

166 273 280 316 citur
309 275 368 317 ad
399 275 569 326 saltum,
592 275 619 318 a
649 275 765 318 zoilo
789 275 972 330 presby-

165 337 262 374 tero
292 333 534 385 inuentum,
563 335 608 376 in
639 335 776 377 domo
807 334 880 376 sua
911 333 973 374 se-

167 389 342 444 pultum
366 391 439 434 est.

490 483 652 526 Oratio.

166 555 364 642 ADesto
386 557 566 599 domine
582 557 974 612 supplicationibus

283 615 436 657 nostris
459 630 468 657 z
489 623 536 658 vt
558 617 634 670 qui
657 630 715 657 ex
739 616 974 669 iniquitate

167 674 312 716 nostra
334 688 431 715 reos
454 687 532 715 nos
556 675 640 715 esse
657 673 973 727 cognoscimus,

165 732 286 774 beati
339 731 616 785 Chrysogoni
658 731 867 786 martyris
907 732 972 772 tui

171 790 470 831 intercessione
493 789 730 831 liberemur
751 805 759 831 :
782 803 870 844 per.

167 901 213 947 (I
240 897 472 941 Catleem'na
487 897 612 952 virgo
632 904 803 951 martyr
821 896 976 952 duplex

497 970 652 998 mzmcs.

490 1045 653 1087 Oratzo.

174 1120 365 1203 DEus,
386 1120 459 1174 qui
483 1120 637 1162 dedisti
661 1119 804 1186 legem
830 1119 971 1173 Moysi

279 1193 321 1220 in
342 1177 612 1220 summitate¹
636 1179 800 1219 montis
819 1178 971 1220 Sinai:

166 1242 211 1277 et
234 1237 276 1277 in
301 1238 458 1278 eodem
482 1236 580 1277 loco
601 1250 679 1290 per
701 1234 871 1277 san&os
893 1250 971 1277 an-

165 1294 288 1348 gelos
311 1301 411 1336 tuos
433 1308 592 1348 corpus
609 1295 752 1335 beatae
771 1294 972 1336 Catheri-

166 1366 236 1393 nae
258 1352 438 1407 virginis
470 1359 514 1394 et
544 1352 749 1406 martyris
776 1358 864 1393 tuae
891 1352 971 1393 rni-

166 1410 363 1452 rabiliter
382 1410 603 1451 collocasti
627 1426 635 1451 :
667 1409 822 1464 praesta
850 1424 971 1464 quae-

165 1468 313 1510 sumus
335 1484 344 1510 :
371 1474 419 1510 vt
448 1469 541 1509 eius
567 1468 734 1509 meritis
763 1474 807 1509 et
839 1468 971 1509 inter-

164 1527 349 1568 cessione
369 1527 425 1567 ad
449 1531 661 1575 montem,
678 1526 753 1580 qui
773 1525 969 1568 Christus

165 1583 236 1633 est,
253 1584 483 1638 peruenire
499 1583 727 1625 valeamus
744 1599 752 1625 ε
772 1598 851 1638 per
863 1598 970 1626 eun-

163 1642 267 1684 dem
290 1642 532 1684 dominum.

433 1743 580 1786 Leb‘z‘io
601 1743 696 1799 .z'4'j².

167 1818 466 1903 CAtherina
505 1820 631 1874 virgo
674 1819 968 1862 alexandrina

272 1877 400 1919 claris
434 1878 655 1919 natalibus
680 1885 789 1928 orta,
812 1878 967 1920 libera-

162 1934 277 1976 libus
299 1935 537 1989 disciplinis
559 1936 615 1977 ab
630 1937 808 1977 ineunte
822 1943 967 1988 aetate,

163 1999 208 2035 et
244 1992 402 2035 sanctis
440 1994 636 2035 moribus
672 1994 881 2043 instituta,
922 1995 966 2035 in

163 2064 263 2092 eam
287 2049 529 2093 sanEUtatis
551 2058 595 2093 et
612 2050 825 2093 dostrinae
845 2066 968 2106 mag-

164 2108 409 2150 nitudinem
443 2109 590 2158 euafit‚
609 2116 657 2151 vt
689 2123 830 2151 annos
861 2118 967 2151 nata

164 2166 298 2220 .xviij.
321 2165 589 2209 doctiffimos
618 2168 754 2209 etiam
776 2168 892 2209 viros
922 2175 966 2210 et

163 2225 436 2278 grauisfimos
502 2224 724 2279 superaret
777 2241 785 2267 :
839 2231 966 2268 tanto

164 2282 306 2324 studio
338 2281 529 2336 flagrans
556 2282 800 2324 christianae
827 2284 965 2337 pieta-

164 2341 231 2389 tis,
281 2346 328 2382 vt
379 2354 479 2381 cum
534 2340 755 2394 Maxentij
800 2341 966 2383 saeuitia

163 2398 327 2440 multos
340 2397 669 2440 christianorum
685 2400 740 2440 ad
758 2399 967 2454 supplicia

162 2463 206 2498 et
248 2469 399 2497 necem
450 2456 637 2498 abstrahi
687 2458 967 2499 animaduer-

163 2520 288 2564 teret,
351 2527 439 2555 non
500 2514 772 2556 dubitauerit
824 2515 963 2569 ipsum

164 2572 296 2620 adire,
354 2571 588 2626 eidemque
639 2572 964 2615 immanitatem

164 2629 531 2684 impietatemque
592 2631 850 2684 grauisfimis
921 2637 966 2673 et

164 2685 418 2729 doCfissimis
459 2687 603 2729 verbis
656 2688 964 2743 improperare.

164 2745 301 2788 Cuius
324 2745 583 2799 sapientiam
606 2751 650 2787 et
672 2746 963 2789 constantiam

163 2802 427 2846 demiratos⁸
461 2803 721 2845 Maxentius
762 2804 965 2847 asscruari

235 2919 247 2943 ¹
274 2919 496 2955 summitatis
517 2932 524 2956 ε
543 2920 588 2957 Α.

233 2967 247 2990 ²
272 2967 333 3003 die
351 2975 406 3012 25.
425 2968 467 3002 in
485 2979 532 3003 m.

234 3013 249 3036 ³
273 3014 504 3050 demiratus:
529 3015 569 3049 R.
593 3015 631 3050 P.
648 3016 693 3052 A.

1772 193 1850 236 173

1042 285 1141 314 eam
1165 271 1298 322 iubet,
1313 278 1358 314 et
1372 287 1431 314 ex
1445 273 1578 327 varijs
1595 273 1851 328 regionibus

1041 331 1156 372 viros
1171 328 1437 372 cloffiffimos
1454 344 1711 382 conuocare,
1728 346 1850 387 mag-

1042 401 1101 429 no
1132 388 1304 442 premio
1335 388 1558 442 propofito
1584 389 1612 429 si
1639 390 1737 443 quis
1768 390 1852 432 Ca-

1040 445 1259 487 therinam
1283 446 1545 495 conuicisset‚
1569 452 1614 488 et
1636 447 1848 500 religione

1042 503 1375 545 christianorum
1417 504 1651 547 auertisset.
1712 505 1848 560 Quod

1042 561 1174 615 longe
1197 562 1316 603 secus
1333 562 1492 604 euenit.
1538 562 1709 604 Habita
1731 563 1848 604 enim

1042 619 1177 673 longa
1227 633 1327 661 cum
1388 620 1723 674 quinquaginta,
1773 621 1849 675 qui

1042 684 1357 727 conuenerant,
1379 675 1633 719 doctisfimis
1655 677 1846 732 philoso-

1043 733 1166 790 phis⁴
1201 735 1501 790 disputatione
1543 752 1552 778 ε
1588 750 1743 778 omnes
1784 736 1850 778 su-

1043 799 1221 847 peratos
1243 794 1300 834 ad
1325 793 1481 836 Christi
1504 793 1640 835 fidem
1664 808 1849 836 conuer-

1042 852 1097 893 tit
1123 865 1132 893 :
1164 858 1209 893 et
1230 851 1284 892 sic
1306 852 1350 892 in
1374 851 1462 893 fide
1484 849 1780 903 confirmauit,
1800 858 1849 894 vt

1042 923 1123 963 pro
1155 923 1206 951 ea
1237 910 1348 950 mori
1381 923 1469 951 non
1501 910 1804 952 dubitauerint
1839 923 1849 952 ε

1041 967 1170 1008 Tunc
1205 967 1465 1012 Maxentius
1509 968 1564 1009 ad
1607 967 1849 1010 blanditias

1041 1025 1275 1066 conuersus
1309 1026 1482 1079 magnis
1519 1025 1849 1079 pollicitationi-

1040 1083 1123 1124 bus
1133 1083 1418 1126 Catherinam
1434 1084 1699 1137 aggreditur.
1722 1083 1848 1137 Quas

1041 1155 1141 1182 cum
1164 1141 1289 1194 virgo
1311 1141 1588 1194 repudiasset,
1604 1141 1847 1196 plumbatis

1041 1199 1212 1240 scuticis
1242 1199 1528 1240 crudelissime
1556 1199 1666 1240 caesa
1688 1200 1730 1240 in
1754 1213 1847 1241 car-

1040 1271 1183 1298 cerem
1217 1257 1558 1298 obscuriffimum
1585 1258 1847 1309 detruditur,

1039 1322 1085 1356 et
1140 1315 1345 1356 vndecim
1402 1315 1559 1356 diebus
1622 1315 1845 1357 continuis

1040 1372 1169 1423 fame,
1203 1379 1248 1414 et
1283 1373 1347 1414 fiti
1376 1373 1580 1422 cruciata,
1616 1374 1671 1415 ad
1705 1373 1846 1428 gladi-

1039 1445 1165 1472 orum
1195 1437 1339 1472 rotam
1369 1430 1620 1472 extrahitur
1645 1431 1846 1472 excarni-

1039 1488 1223 1530 ficanda.
1287 1489 1406 1530 Rota
1447 1495 1596 1530 autem
1633 1490 1846 1530 continuo

1039 1547 1095 1588 ad
1147 1547 1277 1602 ipsius
1328 1560 1481 1600 preces
1531 1545 1758 1588 confracta
1798 1553 1844 1588 et

1039 1605 1315 1646 comminuta
1348 1604 1419 1646 est.
1493 1603 1596 1658 Quo
1634 1605 1845 1646 miraculo

1039 1663 1167 1704 multi
1190 1663 1287 1704 sunt
1309 1663 1366 1703 ad
1400 1662 1557 1704 Christi
1585 1662 1717 1704 fidem
1741 1676 1845 1704 con-

1039 1721 1157 1763 uersl.
1219 1721 1309 1763 Sed
1332 1734 1432 1762 cum
1455 1721 1550 1762 haec
1572 1722 1726 1762 omnia
1748 1720 1845 1776 sup-

1037 1779 1170 1833 plicia
1201 1793 1365 1833 magno
1390 1779 1540 1819 animo
1575 1779 1726 1820 diuina
1758 1793 1844 1833 ope

1038 1837 1283 1890 superasset,
1350 1836 1529 1878 iubente
1593 1837 1842 1889 Maxentio,

1037 1896 1160 1936 cuius
1211 1901 1306 1936 erat
1362 1894 1606 1936 obstinatus
1657 1895 1844 1945 animus,

1038 1954 1182 2007 capite
1211 1951 1420 2006 plecffitur
1444 1953 1500 1993 ad
1528 1952 1609 2006 .vij.
1632 1952 1843 1994 calendas

1038 2010 1308 2052 Decembris.
1371 2010 1479 2051 Eius
1507 2017 1656 2051 autern
1681 2024 1841 2064 corpus

1038 2070 1080 2109 in
1111 2069 1219 2111 Sina
1234 2074 1386 2109 monte
1401 2067 1582 2109 Arabiae
1607 2067 1843 2110 ministerio

1036 2126 1294 2180 angelorum
1346 2126 1576 2167 conditum
1628 2125 1712 2167 esse
1754 2131 1842 2168 tra-

1035 2186 1166 2227 ditur.

1114 2328 1158 2374 (I
1185 2325 1345 2367 Petrus
1364 2324 1571 2379 episcopus
1592 2333 1768 2380 martyr.

1307 2428 1454 2470 1,εᾶιο
1474 2427 1574 2484 ,zy'⁸.

1122 2514 1254 2555 Etrus
1263 2513 1474 2556 Alexand
1482 2528 1586 2556 rmae
1600 2514 1717 2556 vrbis
1732 2515 1841 2570 epis-

1151 2586 1289 2626 copus
1326 2572 1523 2614 Theonae
1557 2573 1839 2627 integerrimo

1035 2631 1130 2672 viro
1161 2630 1363 2678 succeffit,
1405 2630 1471 2671 vir
1511 2631 1632 2671 omni
1648 2605 1837 2673 t>virtute

1034 2687 1293 2731 cumulatus.
1357 2687 1444 2742 Qui
1481 2702 1559 2742 per
1593 2689 1837 2731 vniuersam

1034 2746 1312 2800 Aegyptum,
1333 2746 1454 2788 velut
1476 2746 1628 2788 lucifer
1654 2747 1836 2800 quidam

1036 2803 1203 2847 effulsit.
1255 2804 1504 2846 Duodecim
1547 2818 1687 2846 annos
1729 2804 1838 2859 epis-

1107 2921 1120 2944 ⁴
1146 2921 1369 2968 presbyteris
1393 2923 1464 2958 :A.

1108 2969 1122 2991 ⁶
1148 2971 1207 3005 die
1225 2969 1292 3005 .26.
1312 2970 1353 3004 in
1372 2981 1418 3004 m.
