2066 3392
220 191 280 231 44
960 184 1160 220 PRECES.

284 266 451 312 Sancta
474 267 613 309 maria
635 266 903 322 magdalena
944 279 1032 307 ora.

285 325 454 370 Sancta
475 340 615 380 agnes
943 337 1032 365 ora.

286 383 454 428 Sancta
475 383 590 425 lucia
945 395 1034 423 ora.

283 441 452 485 Sancta
474 442 642 483 caecilia
941 453 1032 481 ora.

284 498 452 543 Sanc'lza
474 499 641 553 agatha
941 511 1032 539 ora.

286 556 452 601 Sancta
473 557 700 598 catherina
943 569 1031 597 ora.

286 616 456 659 Omnes
482 613 642 656 sanctae
669 613 873 668 virgineS‚
899 618 944 655 et
971 613 1035 653 vi-

226 675 329 716 duae
897 677 1032 712 orate.

286 732 456 775 Omnes
474 728 621 780 saneti,
638 735 683 771 et
699 727 865 770 sanctae
880 729 951 771 dei
969 729 1034 769 in-

226 789 441 832 tercedite
462 802 543 841 pro
564 788 705 829 nobis.

287 847 508 901 Propitius
530 846 633 895 esto,
654 859 786 899 parce
807 844 935 886 nobis
957 844 1036 886 do-

229 905 359 946 mine.

288 962 509 1016 Propitius
532 961 635 1013 esto,
659 960 826 1002 exaudi
846 974 928 1001 nos
957 959 1035 1000 do-

229 1021 360 1062 mine.

287 1078 363 1119 Ab
388 1077 510 1119 omni
539 1075 659 1118 malo
687 1075 826 1118 libera
851 1089 932 1117 nos
957 1076 1037 1117 do-

229 1136 358 1178 mIne.

287 1194 364 1234 Ab
393 1193 514 1234 omni
550 1199 736 1247 peccato
777 1191 917 1233 libera
954 1205 1035 1233 nos

230 1251 421 1293 domine.

288 1309 366 1351 Ab
407 1309 471 1350 ira
511 1314 589 1350 tua
634 1308 774 1349 libera
824 1321 906 1349 nos
956 1307 1037 1349 do-

231 1367 360 1409 mine.

288 1424 333 1465 A
344 1424 570 1465 subitanea
584 1429 629 1465 et
643 1422 879 1477 improuisa
894 1429 1037 1464 morte

231 1482 370 1524 libera
393 1496 472 1523 nos
495 1482 687 1522 domine.

289 1539 366 1581 Ab
395 1538 560 1592 insidijs
588 1538 756 1580 diaboli
788 1537 928 1579 libera
954 1552 1036 1579 nos

231 1598 423 1640 domine.

290 1655 367 1696 Ab
393 1656 467 1705 ira,
495 1659 539 1695 et
568 1654 684 1704 odio,
708 1659 754 1695 et
774 1653 895 1694 omni
919 1653 1036 1695 mala

231 1712 462 1755 voluntate
483 1712 619 1753 libera
641 1725 721 1752 nos
743 1711 935 1752 domine.

290 1771 336 1812 A
372 1771 522 1824 spiritu
561 1770 863 1811 fornicationis
899 1769 1036 1810 libera

233 1842 314 1870 nos
335 1829 525 1869 domine.

290 1886 336 1927 A
353 1885 538 1940 fulgure,
553 1891 599 1926 et
615 1884 878 1939 tempestate
898 1883 1036 1926 libera

233 1958 314 1986 nos
335 1945 527 1985 domine.

291 2001 337 2042 A
370 2008 511 2043 morte
541 2005 759 2055 perpetua
790 1999 929 2042 libera
955 2013 1036 2041 nos

232 2060 424 2101 domine.

293 2118 374 2158 Per
391 2115 643 2170 mysterium
661 2113 821 2157 sanctae
836 2116 1036 2157 incarna-

233 2175 366 2216 tionis
388 2181 477 2216 tuae
500 2174 636 2215 libera
658 2187 739 2214 nos
760 2174 952 2215 domine.

293 2233 375 2273 Per
395 2233 639 2274 aduentum
657 2238 785 2273 tuum
801 2232 939 2274 libera
957 2245 1037 2273 nos

232 2290 423 2331 domine.

294 2348 375 2388 Per
415 2347 697 2389 natiuitatem
733 2352 858 2388 tuam
900 2347 1037 2389 libera

234 2419 314 2446 nos
336 2406 525 2446 domine.

295 2463 376 2504 Per
397 2463 676 2517 baptismum,
693 2468 738 2503 et
757 2460 954 2503 sanctum
978 2463 1036 2504 ie-

235 2521 403 2562 iunium
425 2527 551 2561 tuum
580 2521 715 2561 libera
741 2534 823 2561 nos
844 2521 1036 2564 domine.

295 2578 376 2619 Per
389 2591 576 2629 crucem,
592 2584 637 2618 et
654 2578 892 2631 pasfionem
910 2584 1034 2620 tuam

234 2635 372 2676 libera
394 2650 474 2676 nos
494 2635 685 2677 domine.

295 2694 377 2734 Per
429 2700 630 2742 mortem,
676 2699 720 2734 et
767 2693 1036 2747 sepulturam

235 2756 359 2792 tuam
382 2750 520 2791 libera
541 2764 620 2791 nos
642 2751 833 2792 domine.

296 2809 378 2848 Per
428 2806 620 2848 sanctam
678 2807 1036 2851 resurrectionem

234 2872 358 2906 tuam
381 2865 516 2906 libera
538 2879 618 2905 nos
640 2865 831 2906 domine.

297 2923 377 2963 Per
407 2922 711 2963 admirabilem
743 2923 1034 2966 ascensionem

235 2986 358 3021 tuam
382 2979 516 3022 libera
540 2994 619 3021 nos
642 2981 831 3022 domine.

1164 266 1246 307 Per
1278 265 1522 307 aduentum
1560 265 1735 319 spiritus
1767 261 1909 307 sancti

1105 323 1316 377 paracleti
1339 324 1478 365 libera
1500 337 1581 364 nos
1602 324 1792 364 domine.

1164 380 1217 422 In
1249 381 1322 423 die
1362 381 1511 435 iudicij
1547 382 1687 422 libera
1718 394 1799 422 nos
1829 380 1908 422 do·

1106 452 1236 480 mine.

1164 497 1435 546 Peccatores,
1473 502 1517 538 te
1559 510 1767 550 rogamus
1802 495 1909 537 audi

1104 567 1195 595 nos.

1162 612 1225 654 Vt
1254 612 1383 654 nobis
1414 625 1600 667 parcas:
1628 618 1673 654 te
1701 624 1911 666 rogamus

1105 670 1209 711 audi
1232 683 1323 711 nos.

1162 728 1228 769 Vt
1258 727 1386 768 nobis
1415 727 1647 781 indulgeas
1676 739 1686 769 t
1709 734 1755 768 te
1783 740 1910 781 roga·

1106 799 1204 826 mus
1227 786 1330 826 audi
1354 799 1446 827 nos.

1163 843 1225 885 Vt
1247 844 1303 884 ad
1326 856 1475 884 veram
1498 843 1811 896 poenitentiam
1829 855 1911 884 nos

1105 901 1346 955 perducere
1371 901 1567 955 digneris
1589 916 1598 943 :
1627 907 1671 942 te
1699 914 1910 955 rogamus

1106 959 1210 1000 audi
1233 972 1324 1000 nos.

1163 1017 1227 1058 Vt
1273 1015 1499 1058 ecclefiam
1546 1022 1670 1058 tuam
1716 1013 1911 1057 sanctam

1107 1088 1269 1128 regere,
1293 1081 1337 1115 et
1357 1075 1614 1116 conseruare
1628 1075 1846 1129 digneris:
1865 1079 1912 1116 te

1106 1145 1315 1186 rogamus
1337 1133 1440 1173 audi
1463 1146 1554 1173 nos.

1163 1191 1226 1232 Vt
1267 1190 1483 1231 domnum
1524 1189 1823 1244 apostolicum,
1865 1195 1911 1231 et

1105 1261 1263 1289 omnes
1298 1247 1606 1290 ecclesiasticos
1646 1248 1824 1289 ordines
1865 1248 1909 1289 in

1107 1303 1255 1347 saneta
1286 1306 1497 1360 religione
1527 1306 1784 1348 conseruare
1814 1306 1913 1361 dig-

1107 1364 1224 1405 neris
1247 1379 1255 1405 :
1275 1370 1320 1405 te
1343 1378 1552 1418 rogamus
1574 1365 1678 1405 audi
1701 1377 1793 1406 nos,

1164 1422 1228 1463 Vt
1273 1422 1474 1462 inimicos
1516 1420 1677 1463 sanctae
1721 1420 1912 1463 ecclefiae

1106 1478 1340 1521 humiliare
1367 1480 1562 1533 digneris
1589 1495 1597 1520 :
1625 1486 1670 1521 te
1701 1493 1910 1534 rogamus

1105 1537 1210 1579 audi
1232 1551 1324 1579 nos.
1661 1576 1663 1578 ,

1163 1595 1226 1636 Vt
1284 1594 1473 1649 regibus,
1537 1601 1581 1636 et
1637 1594 1910 1649 principibus

1105 1651 1347 1694 christianis
1374 1666 1530 1706 pacem
1559 1659 1604 1694 et
1632 1666 1783 1694 veram
1805 1666 1910 1694 con-

1105 1711 1301 1751 cordiam
1329 1710 1496 1751 donare
1522 1710 1716 1764 digneris
1738 1726 1748 1752 τ
1769 1716 1815 1752 te
1841 1724 1912 1752 ro-

1105 1782 1263 1822 gamus
1285 1769 1389 1809 audi
1411 1782 1501 1810 nos.

1163 1826 1226 1867 Vt
1266 1824 1428 1868 cuncto
1469 1825 1638 1880 populo
1673 1825 1911 1868 christiano

1106 1897 1278 1938 pacem,
1314 1889 1359 1925 et
1387 1884 1605 1925 vnitatem
1634 1883 1782 1938 largiri
1813 1885 1911 1938 dig-

1107 1942 1223 1983 neris
1244 1957 1253 1983 :
1275 1947 1319 1983 te
1341 1955 1549 1995 rogamus
1570 1942 1674 1983 audi
1696 1955 1787 1983 nos.

1163 2000 1228 2041 Vt
1259 1999 1547 2053 nosmetipsos
1576 2000 1620 2040 in
1652 2006 1730 2041 tuo
1762 1997 1912 2041 sancto

1106 2056 1280 2098 seruitio
1308 2057 1556 2098 confortare
1584 2064 1629 2099 et
1654 2057 1911 2098 conseruare

1105 2115 1299 2169 digneris
1353 2128 1363 2157 :
1412 2121 1458 2157 te
1527 2129 1735 2169 rogamus
1804 2116 1911 2157 audi

1107 2186 1201 2214 nos,

1163 2231 1226 2272 Vt
1248 2236 1420 2271 mentes
1446 2230 1613 2272 nostras
1639 2231 1697 2272 ad
1718 2230 1911 2272 coelestia

1107 2288 1334 2342 desyderia
1375 2289 1520 2343 erigas
1566 2304 1574 2330 :
1613 2294 1659 2330 te
1698 2302 1909 2344 rogamus

1107 2347 1211 2387 audi
1234 2360 1324 2388 nos,

1166 2405 1230 2445 Vt
1286 2403 1492 2445 omnibus
1553 2401 1910 2446 benefffloribus

1107 2461 1260 2503 nostris
1311 2462 1576 2515 sempiterna
1625 2461 1743 2503 bona
1787 2463 1911 2504 retri-

1106 2520 1216 2562 buas
1241 2533 1250 2561 2
1272 2525 1317 2560 te
1339 2533 1547 2573 rogamus
1568 2520 1672 2560 audi
1694 2533 1785 2561 nos.

1164 2577 1227 2619 Vt
1241 2578 1411 2618 animas
1425 2577 1602 2626 nostras,
1612 2576 1796 2618 fratrum
1811 2591 1912 2632 pro-

1106 2635 1385 2689 pinquorum,
1402 2641 1446 2675 et
1462 2633 1796 2676 benefactorum
1813 2635 1910 2676 nos-

1107 2699 1274 2735 trorum
1315 2693 1372 2734 ab
1412 2698 1578 2733 aeterna
1622 2693 1910 2734 damnatione

1107 2750 1266 2803 eripias
1291 2766 1299 2791 :
1320 2756 1365 2791 te
1386 2763 1593 2803 rogamus
1614 2750 1718 2790 audi
1740 2764 1832 2792 nos.

1163 2808 1226 2849 Vt
1247 2805 1411 2848 fructus
1433 2814 1575 2849 terrae
1600 2807 1715 2857 dare,
1738 2814 1782 2849 et
1805 2822 1910 2849 con-

1107 2866 1275 2907 seruare
1289 2865 1482 2919 digneris
1499 2881 1507 2906 :
1524 2871 1568 2906 te
1586 2878 1792 2919 rogamus
1807 2866 1909 2908 audi

1108 2938 1228 3023 nozit
1294 2980 1500 3032 omnibus
1567 2980 1771 3023 fidelibus
1832 2982 1907 3023 de-
