2066 3392
236 169 319 209 168⁷

289 266 334 312 (ἶ
351 261 575 304 Dedicatz'o
589 263 770 316 bafilicoe
786 263 1038 305 saluatoris

230 319 386 372 duplex
400 320 553 362 mium.
576 321 616 362 A
624 321 658 362 d
670 322 869 375 vesperas.
895 322 950 363 H
937 336 1036 375 ym-

230 390 323 418 πω.

323 463 416 504 Rbs
453 464 585 506 beata
627 464 864 506 Ierusalem
902 464 1037 506 Di&

339 523 459 575 pacis
481 523 583 564 vifio
607 539 615 564 :
642 523 755 577 Quae
778 523 1038 564 construitur

232 579 275 619 in
307 580 430 621 coelis
453 581 581 621 Viuis
610 595 668 622 ex
699 581 921 635 lapidibus
945 595 953 622 :
978 582 1037 622 Et

230 637 399 690 angelis
440 645 662 689 coronata,
703 639 765 680 Vt
814 637 1036 693 sponsatal

231 696 405 737 comite.

289 753 422 794 Noua
443 754 624 795 veniens
647 769 670 795 e
693 754 808 795 coelo
832 754 1034 808 Nuptiali

229 810 429 852 thalamo
468 812 722 865 Praeparata
752 819 799 853 vt
831 813 1034 866 sponsata

230 869 475 923 Copuletur
515 870 709 911 domino.
774 871 951 920 Plateae‚
989 877 1033 912 et

229 928 342 967 muri
366 928 458 968 eius
483 928 555 968 Ex
579 942 686 969 auro
709 929 941 982 purissimo.

287 985 431 1026 Portae
454 986 596 1027 nitent
614 987 862 1039 margaritis
881 986 1032 1027 Aditis

227 1042 507 1096 patentibus²
548 1059 556 1084 ε
600 1045 660 1085 Et
700 1045 862 1085 virtute
905 1045 1032 1085 meri-

226 1107 374 1141 torum
399 1101 510 1142 Illuc
536 1102 829 1143 introducitur
859 1102 1030 1152 Omnis,

227 1159 301 1212 qui
348 1159 406 1199 ob
450 1159 605 1201 Christi
648 1174 810 1201 nomen
857 1161 945 1201 Hic
986 1161 1031 1201 in

227 1218 395 1258 mundo
417 1218 656 1271 praemitur.

284 1275 591 1324 Tunfionibus,
635 1276 838 1329 pressuris
873 1276 1030 1330 Expo-

226 1332 291 1374 liti
314 1333 484 1387 lapides
512 1333 613 1375 Suis
636 1341 903 1388 coaptantur
923 1335 1031 1375 locis

227 1392 310 1431 Per
333 1405 514 1432 manum
545 1392 723 1433 artificis
745 1408 753 1433 :
779 1393 1030 1446 Disponun—

225 1456 296 1490 tur
317 1450 587 1502 permansuri
612 1450 757 1492 Sacris
776 1451 987 1503 aedificijs.

284 1507 447 1556 Gloria,
479 1514 523 1548 et
554 1508 695 1548 honor
735 1509 820 1549 deo
860 1509 1031 1562 Vsque-

224 1579 313 1619 quo
335 1566 537 1606 altisfimo
560 1581 567 1606 :
589 1566 691 1607 Vna
712 1566 827 1619 patri
850 1566 1030 1620 filioque

227 1623 404 1677 Inclyto
437 1623 662 1676 paracleto
687 1638 695 1665 :
725 1625 794 1664 cui
828 1624 923 1665 laus
955 1624 1027 1673 est,

225 1687 269 1722 et
298 1681 492 1734 potestas
523 1682 604 1722 Per
632 1682 846 1723 immensa
875 1682 1028 1724 secula.

223 1739 387 1780 Amen.

546 1865 707 1907 Oratio.

231 1951 421 2034 DEus‚
456 1952 530 2006 qui
568 1952 695 1992 nobis
730 1965 808 2004 per
838 1951 1028 2006 fingulos

335 2024 474 2050 annos
492 2010 620 2050 huius
639 2007 772 2050 sancti
790 2011 946 2063 templi
964 2011 1027 2051 tui

222 2068 561 2109 consecrationis
596 2082 774 2121 reparas
816 2068 946 2118 diem,
984 2074 1028 2109 et

223 2124 382 2167 sanctis
417 2126 587 2179 semper
621 2125 836 2179 mysterijs
869 2140 1029 2179 reprae-

223 2184 367 2224 sentas
384 2184 627 2225 incolumes
651 2200 658 2224 :
681 2184 844 2224 exaudi
860 2198 1027 2237 praeces

221 2242 375 2295 populi
399 2242 474 2291 tui,
491 2248 534 2282 et
552 2242 708 2295 praesta
733 2255 741 2282 :
763 2248 810 2283 vt
832 2242 1027 2296 quisquis

221 2300 306 2340 hoc
331 2300 550 2353 templum
570 2299 783 2340 beneficia
805 2300 1025 2353 petiturus

222 2358 468 2410 ingreditur
490 2373 497 2398 :
519 2356 679 2398 cuncta
709 2358 750 2398 se
776 2358 1026 2411 impetrasse

221 2415 396 2456 laetetur
420 2430 428 2457 z
451 2430 529 2469 per
550 2416 792 2457 dominum.

277 2552 359 2592 Ad
376 2552 642 2593 matutinum
666 2552 972 2593 imitatorium
980 2550 1003 2595 ³.

279 2639 477 2680 Domum
500 2640 570 2680 dei
594 2641 722 2680 decet
746 2639 993 2681 sanffitudo
1013 2655 1021 2681 :

220 2697 421 2762 sponsum
439 2698 532 2738 eius
552 2698 770 2739 Christum
788 2699 1023 2739 adoremus

220 2769 263 2795 in
287 2769 348 2796 ea.

289 2862 300 2884 ¹
327 2863 456 2908 sponsa
479 2875 485 2897 :
504 2863 547 2897 A.

288 2910 302 2978 ἶ
327 2911 574 2991 Ξῗέθῃξῖῗὶἵ
603 2911 641 2945 p.

287 3003 299 3025 4
325 2967 489 3038 sangani
516 2985 583 3039 :A

918 185 988 218 ΝΟ
997 185 1216 218 VEMBER.

1396 265 1613 320 Hymnus.

1105 341 1375 427 qugularis
1400 345 1740 389 fundamentum
1772 348 1908 402 Lapis

1242 402 1436 444 Christus
1477 405 1624 446 missus
1665 406 1726 447 est
1767 421 1776 447 z
1818 405 1907 460 Qui

1104 473 1320 514 compage
1338 462 1517 515 parietis
1537 463 1588 504 In
1607 469 1792 517 vtroque
1807 478 1906 505 nec-

1104 518 1212 559 titur
1246 534 1254 559 :
1294 518 1440 572 Quem
1480 521 1586 562 Sion
1624 519 1792 562 [306134
1824 521 1907 563 sus-

1106 577 1235 629 cepit,
1262 577 1312 616 In
1336 590 1424 630 quo
1446 580 1628 620 credens
1650 585 1892 633 permanet.

1166 634 1324 676 Omnis
1357 635 1431 675 illa
1462 637 1548 677 deo
1584 637 1713 686 sacra,
1747 638 1807 678 Et
1840 638 1908 679 di-

1102 689 1217 733 10613
1258 693 1415 734 ciuitas
1450 694 1586 735 Plena
1627 695 1819 736 modulis
1861 696 1905 736 in

1103 748 1246 799 laude,
1270 750 1330 791 Et
1361 765 1522 793 canore
1550 752 1687 794 iubilo
1719 753 1905 794 Trinum

1102 807 1247 857 deum,
1289 808 1541 863 vnicunque
1590 811 1703 853 Cum
1754 811 1905 852 fauore

1101 866 1324 918 praedicat.

1162 923 1264 964 Hoc
1301 925 1344 965 in
1379 925 1549 978 templo
1587 925 1754 967 summe
1795 926 1903 968 deus

1101 980 1327 1022 Exoratus
1359 983 1521 1023 adueni
1553 997 1562 1024 :
1594 984 1653 1025 Et
1685 984 1903 1026 clemente

1100 1038 1302 1080 bonitate
1336 1041 1519 1081 Precum
1550 1048 1654 1083 vota
1696 1042 1859 1096 suscipe
1895 1059 1903 1084 :

1102 1097 1294 1153 Largam
1327 1097 1683 1141 benedictionem
1719 1100 1807 1141 Hic
1839 1101 1904 1153 in-

1100 1155 1236 1196 funde
1258 1157 1427 1210 iugiter.

1161 1213 1248 1254 Hic
1274 1220 1611 1267 promereantur
1641 1229 1796 1257 omnes
1823 1217 1902 1258 Pe-

1099 1270 1182 1311 tita
1211 1272 1434 1325 acquirere
1460 1288 1467 1312 :
1494 1273 1552 1313 Et
1582 1274 1747 1328 adepta
1775 1275 1900 1328 possi-

1099 1329 1202 1369 dere
1246 1329 1360 1370 Cum
1405 1329 1563 1371 sanctis
1605 1333 1856 1385 perenniter
1892 1348 1900 1374 :

1100 1386 1352 1428 Paradisum
1385 1389 1563 1430 introire
1601 1390 1823 1431 Translati
1854 1390 1901 1431 in-

1095 1446 1301 1497 requiem.

1156 1503 1318 1552 Gloria,
1352 1510 1395 1545 et
1437 1504 1579 1546 honor
1608 1504 1715 1547 5deo
1746 1506 1899 1561 Vsque-

1097 1560 1218 1614 quo&

1331 1687 1477 1729 Lec‘lio
1499 1688 1658 1731 tertia⁶.

1191 1773 1428 1827 Vanquam
1469 1781 1667 1816 veterum
1719 1775 1897 1830 scripto-

1223 1844 1320 1871 rum
1353 1834 1664 1882 monumentis,
1697 1840 1741 1875 et
1774 1834 1897 1875 Pauli

1097 1889 1231 1928 etiam
1255 1889 1447 1942 epistolis
1469 1891 1646 1940 constet,
1669 1891 1766 1945 ipfis
1788 1906 1896 1946 quo-

1095 1960 1181 2000 que
1213 1947 1460 2000 apostolicis
1491 1950 1765 2002 temporibus
1800 1950 1898 1991 loca

1095 2004 1272 2057 publica
1293 2004 1426 2053 fuisse,
1450 2020 1549 2059 quae
1577 2013 1671 2048 tum
1695 2008 1898 2057 oratoria,

1096 2068 1191 2102 tum
1214 2062 1404 2103 ecclesiae
1434 2065 1693 2115 dicerentur,
1716 2066 1789 2106 vbi
1819 2079 1899 2119 po-

1095 2119 1225 2173 pulus
1268 2121 1547 2172 Christianus,
1579 2137 1680 2176 quae
1713 2124 1769 2164 ad
1801 2123 1898 2164 reli-

1094 2178 1273 2231 gionem
1311 2184 1355 2219 et
1391 2178 1524 2220 fidem
1568 2181 1724 2222 Christi
1765 2182 1899 2236 perti-

1095 2243 1262 2285 nerent,
1279 2238 1511 2278 doceretur
1533 2253 1541 2278 :
1562 2237 1626 2279 ⁷et
1643 2252 1802 2292 corpus
1818 2239 1897 2279 do-

1095 2294 1203 2334 mini
1219 2294 1488 2344 sumeretur⁷‚
1504 2301 1654 2337 tamen
1674 2296 1898 2350 Syluester

1094 2365 1212 2404 papa
1264 2353 1395 2393 ritum
1448 2353 1631 2395 instituit
1676 2354 1897 2396 consecra-

1092 2410 1226 2450 tionis
1273 2410 1479 2452 altarium
1521 2417 1565 2453 et
1606 2411 1894 2462 ecclefiarum,

1093 2481 1224 2520 quern
1258 2481 1375 2509 nunc
1403 2469 1537 2510 etiam
1568 2475 1690 2511 tenet
1718 2470 1897 2512 ecclesia

1093 2526 1444 2575 romana‚dicato
1460 2533 1503 2567 et
1517 2527 1769 2569 consecrato
1783 2534 1895 2570 tem-

1091 2582 1166 2635 plo
1182 2582 1439 2624 lateranensi
1458 2591 1726 2638 nuncupato.
1759 2585 1893 2640 Quod

1094 2639 1407 2682 Constantinus
1450 2642 1690 2696 imperator
1723 2644 1893 2698 magni-

1091 2697 1171 2739 fice
1200 2699 1475 2750 instruxerat,
1500 2700 1733 2754 multisque
1765 2701 1893 2744 donis

1090 2763 1336 2807 ornauerat‚
1368 2763 1412 2798 et
1448 2759 1736 2812 prouentibus
1767 2759 1894 2802 dota-

1160 2861 1211 2885 ⁵·⁵
1235 2868 1296 2898 etc.
1316 2864 1361 2898 Α.
1411 2870 1450 2899 vt
1468 2864 1577 2910 supra
1601 2864 1709 2900 :adca
1732 2866 1770 2900 P.

1160 2909 1174 2929 ⁶
1199 2910 1259 2945 die
1278 2921 1322 2956 29
1340 2911 1381 2945 in
1398 2922 1444 2946 m.
1467 2912 1505 2946 P.

1160 2956 1212 2980 7-7
1237 2969 1304 2992 om.
1339 2959 1376 2994 P.
1395 2959 1438 2993 A.
