2066 3392
236 162 317 205 174

233 248 444 296 copatum
474 242 588 284 illius
614 244 731 286 vrbis
763 245 1036 287 administra-

234 300 300 342 uit
340 314 350 342 ε
403 306 491 342 tres
533 307 637 343 ante
677 302 1036 356 persecutionem,

233 372 334 412 quae
376 358 630 401 Maximino
671 361 938 415 imperatore
979 362 1035 403 ad

233 416 449 458 orientem
469 415 639 459 ‘exorta
670 418 741 468 est,
771 419 961 473 reliquos
993 420 1036 460 in

234 474 337 528 ipsa,
354 475 531 516 diuersis
549 477 847 517 tentationum
865 478 1036 530 generi-

232 533 316 574 bus
357 533 562 586 agitatus.
623 534 827 588 Cumque
868 535 1038 589 semper

232 590 276 630 in
318 591 439 630 omni
491 605 634 645 agone
684 592 1034 645 persecutionum

231 648 396 702 positus
412 662 622 702 magnum
638 649 800 691 faceret
816 651 858 691 in
873 652 1035 692 virtute

231 712 276 747 et
305 704 536 747 sancftitate
572 706 833 760 prose&um‚
854 708 1035 750 Vtilitati

229 762 1038 817 atqueinstruffloniecclefiaeconstan-

231 822 387 863 tissime
419 822 693 865 inseruiebat.
755 824 869 866 Cum
902 825 1035 878 igitur

233 880 276 920 in
302 893 481 921 omnem
512 880 738 934 sacerdotij
762 896 912 923 curam
943 883 1035 924 die-

231 937 314 978 bus
349 951 400 978 ac
443 935 646 979 noffibus
687 939 921 981 insudasset
961 942 1034 982 jx.

230 995 543 1049 persecutionis
588 1010 717 1046 anno,
758 998 1034 1052 episcopatus

229 1067 333 1094 vero
357 1053 417 1094 sui
439 1055 612 1111 decimo
635 1054 699 1107 ‚vj.
715 1056 922 1097 calendas
945 1057 1034 1098 De-

229 1111 430 1152 cembris.
530 1112 723 1153 eiusdem
794 1114 1035 1155 Maximini

228 1175 428 1223 tempore
443 1170 640 1223 martyrij
656 1185 863 1212 coronam
878 1173 1035 1227 capitis

229 1228 569 1269 obtruncatione
590 1231 844 1282 promeruit.

228 1399 273 1445 11
299 1396 576 1439 Saturninus
595 1405 637 1440 et
668 1399 890 1452 Sisinnius
919 1415 1035 1443 mar-

410 1462 530 1509 tyres.
592 1457 737 1498 Leeiz'o
760 1457 855 1510 ,iij¹.

236 1547 453 1630 ROmae
482 1547 558 1589 sub
586 1549 867 1590 Maximiano
896 1550 1034 1603 impe-

323 1612 467 1646 ratore
484 1606 749 1648 Saturninus
765 1613 807 1648 et
824 1608 1034 1650 Sifinnius

230 1663 445 1704 diaconus
479 1664 592 1704 inter
622 1665 732 1705 alios
766 1665 923 1707 Christi
951 1666 1033 1706 ser-

231 1735 311 1762 uos
340 1721 396 1761 ad
420 1721 676 1763 fodiendam
709 1737 889 1764 arenam
922 1724 1031 1764 aedi-

229 1779 415 1820 ficandis
485 1779 668 1821 thermis
738 1781 1032 1822 Diocletianis

230 1837 430 1878 damnati
453 1837 561 1887 sunt,
579 1838 680 1879 licet
702 1839 806 1880 esset
828 1853 879 1880 ea
900 1845 1033 1881 aetate

232 1894 498 1936 Saturninus
538 1901 586 1937 vt
636 1910 715 1950 per
764 1895 1032 1938 seneftutem

231 1953 443 1993 sarcinam
471 1954 581 1994 ferre
609 1968 697 1995 non
725 1954 888 2005 valens,
912 1954 937 1996 a
965 1956 1033 1997 Si-

230 2010 366 2051 smnio
399 2011 631 2054 iun-aretur.
694 2012 894 2066 Quorum
931 2027 1031 2054 cum

232 2067 440 2110 sanGUtas
477 2075 522 2110 et
557 2069 667 2111 fides
701 2071 815 2111 inter
850 2077 1032 2112 caeteros

230 2126 486 2168 christianos
518 2127 714 2181 polleret,
751 2129 885 2170 ambo
918 2130 1034 2170 Lau-

232 2185 344 2226 ditio
379 2184 590 2239 praefec'to
626 2187 776 2227 traditi
812 2188 855 2227 in
889 2201 1033 2228 carce-

233 2256 325 2283 rem
368 2243 465 2283 sunt
515 2242 714 2295 coniecti,
754 2245 827 2286 vbi
869 2245 1032 2286 multos

233 2300 421 2353 gentiles
462 2302 518 2342 ad
557 2301 597 2342 se
630 2303 857 2343 venientes
899 2302 1032 2344 fidem

233 2358 490 2408 docuerunt,
512 2365 556 2399 et
588 2360 644 2400 ad
680 2360 896 2401 Christum
930 2375 1033 2402 con-

233 2422 468 2457 uerterunt.
526 2417 730 2471 Denique
752 2418 846 2471 post
870 2419 1033 2460 multos

233 2474 327 2514 dies
354 2472 488 2515 vincti
517 2476 694 2524 catenis,
722 2489 774 2516 ac
800 2477 930 2517 nudis
958 2491 1033 2530 pe-

231 2532 363 2573 dibus
394 2531 554 2581 eduffi,
575 2534 631 2573 ad
661 2534 882 2587 tripodem
909 2534 1033 2575 sacri-

232 2588 362 2630 ficare
402 2590 617 2631 iubentur.
707 2591 774 2632 At
814 2591 1035 2634 clamante

234 2647 484 2697 Saturnino,
549 2648 763 2689 Conterat
828 2650 1034 2691 dominus

233 2704 351 2745 idola
401 2706 613 2758 gentium,
657 2706 796 2748 soluta
846 2708 1033 2761 tripode,

232 2762 322 2803 duo
359 2763 521 2804 milites
560 2764 730 2817 Papias,
763 2770 807 2806 et
839 2765 1033 2816 Maurus,

231 2820 274 2860 in
318 2820 535 2862 Christum
578 2823 866 2863 crediderunt.
944 2823 1032 2877 Qui

228 2878 363 2931 paulo
394 2878 489 2932 post
521 2879 696 2921 suerunt
729 2881 939 2935 martyrio
960 2896 1031 2924 co-

533 2984 545 3007 1
572 2986 632 3020 die
652 2996 696 3031 29
714 2987 754 3021 in
773 2998 819 3021 m.

926 170 996 204 No
1005 170 1222 204 VEMBER.

1104 249 1260 291 ronati.
1330 250 1525 292 Domum
1559 250 1824 294 Saturninus
1863 254 1909 292 et

1107 307 1318 349 Sisinnius
1355 309 1450 362 post
1485 309 1650 350 multos
1690 309 1908 350 cruciatus

1106 364 1213 406 iussu
1236 366 1430 419 praefidis
1453 367 1496 407 in
1518 368 1636 408 viam
1660 367 1907 408 Nomenta-

1105 436 1210 464 nam
1247 423 1453 465 abstra6U
1492 425 1681 466 secundo
1715 425 1773 466 ab
1803 423 1909 466 vrbe

1105 481 1308 523 milliario
1326 484 1472 536 capite
1493 483 1684 524 truncati
1706 480 1904 536 martyrij

1103 539 1299 592 palmam
1332 540 1429 582 sunt
1456 541 1721 595 consequuti.
1785 539 1909 594 Quo-

1103 611 1198 637 rum
1222 611 1406 652 corpora
1427 598 1624 640 Tharson
1648 605 1692 640 et
1716 599 1907 639 Ioannes

1101 655 1172 696 via
1196 655 1366 697 Salaria
1389 657 1431 697 in
1455 657 1622 710 praedio
1639 656 1713 698 suo
1730 655 1907 710 sepelie-

1103 720 1205 755 runt
1226 714 1294 768 ,iij.
1318 714 1526 756 calendas
1549 714 1822 756 Decembris.

1104 858 1148 903 {1
1160 856 1198 896 Α
1207 856 1362 897 ndreas
1373 856 1577 911 apostolus
1589 856 1742 910 duplex
1752 855 1906 898 maius.

1164 914 1200 955 S
1203 915 1221 955 i
1233 915 1395 969 festum
1411 915 1562 967 stzm‘ii
1578 915 1769 956 Andreae
1788 927 1906 955 vene-

1161 973 1226 1013 rit
1252 973 1296 1013 in
1322 973 1536 1014 dominica
1559 973 1599 1027 j.
1619 973 1831 1013 aduentus
1858 972 1906 1013 in

1162 1030 1342 1083 vesperis
1393 1031 1572 1083 sabbati
1619 1029 1906 1084 proecedentiS.

1163 1089 1368 1140 Hymnus
1395 1095 1438 1129 et
1463 1091 1600 1129 oratio
1634 1088 1831 1130 dicentur
1857 1087 1909 1128 de

1149 1142 1302 1199 stmiio
1322 1147 1516 1188 Andrea.
1577 1146 1631 1187 In
1654 1146 1744 1199 ipsa
1763 1153 1907 1187 autem

1161 1205 1375 1246 dominica
1395 1205 1576 1259 officium
1597 1205 1683 1245 erit
1700 1204 1751 1245 de
1770 1203 1908 1245 domi-

1161 1262 1270 1312 nica,
1306 1269 1348 1303 et
1366 1263 1527 1317 festum
1547 1262 1696 1315 salzc‘ii
1723 1262 1910 1303 Andreoe

1161 1320 1331 1363 habebit
1360 1328 1530 1362 tantum
1563 1321 1735 1362 tertiam
1767 1319 1905 1362 leHio-

1162 1393 1256 1419 nem
1287 1386 1328 1420 et
1357 1379 1467 1420 idem
1488 1378 1744 1432 faciendum
1775 1377 1834 1432 est
1859 1377 1905 1418 in

1160 1437 1357 1478 omnibus
1366 1437 1494 1492 festis
1510 1436 1747 1491 duplicibus
1766 1449 1906 1477 occur-

1162 1495 1351 1536 rensibus
1393 1496 1438 1536 in
1480 1494 1721 1536 dominicis·
1745 1493 1904 1535 aduen-

1160 1559 1241 1602 tus,
1264 1559 1305 1593 ct
1331 1554 1377 1594 in
1408 1553 1635 1594 dominicis
1652 1551 1902 1606 fhptuagcst-

1160 1625 1250 1659 moe,
1289 1618 1331 1652 et
1357 1611 1632 1665 fi’quentibns
1671 1611 1798 1664 vsque
1845 1609 1910 1651 ad

1148 1669 1320 1722 pafi'ha.

1214 1794 1217 1796 -
1422 1771 1585 1813 Oratio.

1109 1857 1204 1940 BJI
1219 1856 1463 1898 Aiestatem
1478 1863 1600 1898 tuam
1615 1855 1795 1897 domine
1809 1855 1905 1910 sup-

1248 1915 1419 1968 pliciter
1441 1928 1679 1956 exoramus
1701 1929 1710 1954 :
1730 1920 1777 1955 vt
1799 1914 1905 1955 ficut

1101 1973 1290 2014 ecclefiae
1351 1979 1440 2014 tuae
1490 1972 1647 2013 beatus
1696 1971 1905 2013 Andreas

1102 2031 1323 2085 apostolus
1365 2031 1518 2072 extitit
1557 2031 1821 2084 praedicator
1860 2035 1905 2071 et

1102 2088 1245 2130 metor
1267 2105 1275 2129 ε
1305 2090 1366 2130 ita
1394 2088 1513 2143 apud
1535 2083 1582 2129 te*
1601 2088 1650 2129 s1t
1673 2102 1753 2142 pro
1775 2088 1904 2129 nobis

1101 2154 1341 2202 perpetuus
1365 2147 1613 2188 intercessor
1635 2162 1643 2187 z
1665 2160 1752 2200 per.

1362 2284 1509 2325 Lec‘Zio
1543 2283 1640 2338 ,iifl

1168 2360 1341 2401 Ndreas
1383 2359 1499 2400 Petri
1550 2359 1684 2400 frater
1723 2359 1816 2410 fuit,
1858 2359 1902 2402 in

1201 2417 1436 2458 Bethsaida
1449 2424 1569 2458 ortus
1585 2417 1781 2459 Galilaeae
1794 2418 1901 2459 vico.

1103 2476 1256 2518 Ambo
1293 2475 1569 2530 piscatoriam
1607 2481 1748 2516 artem
1779 2489 1904 2516 exer-

1103 2535 1274 2583 cebant,
1315 2540 1359 2574 et
1400 2540 1505 2574 tunc
1546 2533 1826 2587 piscabantur
1858 2534 1902 2574 in

1103 2593 1249 2634 littore
1292 2591 1501 2644 Gaffilaeae,
1534 2604 1670 2644 quum
1709 2590 1903 2633 Christus

1103 2650 1370 2705 praeteriens,
1393 2649 1474 2689 hos
1505 2649 1704 2689 omniurn
1736 2649 1902 2702 primos

1103 2708 1279 2750 vocauit
1320 2707 1482 2756 dicens,
1514 2707 1661 2747 venite
1692 2706 1787 2760 post
1818 2720 1901 2756 me,

1103 2773 1147 2808 et
1180 2766 1338 2807 faciam
1375 2779 1454 2806 vos
1490 2764 1724 2818 piscatores
1759 2764 1901 2805 homi-

1102 2838 1220 2866 num.
1290 2823 1368 2864 Ad
1410 2836 1543 2875 quam
1585 2835 1738 2863 vocem
1781 2822 1903 2863 nullo

1103 2883 1190 2924 alio
1233 2881 1444 2922 miraculo
1495 2877 1688 2930 adduffi,
1740 2878 1901 2921 reli6fis

1266 2989 1280 3011 2
1306 2988 1365 3024 die
1383 2997 1449 3033 .3o.
1470 2988 1510 3022 in
1529 2999 1574 3022 m.
