2066 3392
0 134 4 176 ἰ

0 177 5 212 ἴ

0 305 3 318 i

875 228 936 261 OC
941 228 975 260 T
972 227 1113 260 OBER.
1749 229 1763 258 Ι
1772 218 1823 258 61

150 318 443 355 mercaturam
475 309 745 359 exercuisset,
771 321 859 350 non
890 313 956 348 ta-

151 385 253 413 men
275 370 386 423 abijt
408 369 502 424 post
524 381 692 417 aurum,
709 380 790 408 nec
812 365 953 420 spera-

150 430 216 471 uit
242 429 284 470 in
312 428 512 483 pecuniae
533 426 757 474 thesauris,
779 423 868 467 Sed
895 423 952 464 ad

150 487 371 530 Christum
389 484 633 535 conuersus,
651 497 752 524 cum
770 481 954 523 audisset

151 545 196 586 in
247 543 426 587 ecclesia
476 542 583 584 illud
635 540 953 594 euangelicum,

152 602 242 657 Qui
275 616 363 644 non
392 599 709 643 renuntiauerit
734 597 951 646 omnibus,

151 675 251 715 quae
304 661 498 715 possidet,
541 671 628 699 nori
678 655 819 711 potest
869 655 953 696 esse

152 717 296 760 meus²
318 717 564 772 discipulus,
585 713 745 757 cun&a
773 727 873 768 quae
896 713 952 754 ad

152 790 334 819 manum
367 776 534 825 habuit,
564 772 830 828 pauperibus
859 784 952 812 ero-

150 836 288 889 gauit.
319 841 478 876 caetera
509 832 623 886 patri
652 831 738 880 suo,
766 828 953 883 idipsum

151 889 685 948 postulanti‚haereditario
700 889 790 929 iure
804 900 953 928 coram

151 951 356 1006 episcopo
405 949 600 991 tradidit.
681 945 856 987 Deinde
906 950 954 986 vt

151 1022 352 1051 normam
377 1008 635 1062 sequeretur,
658 1018 792 1059 quam
815 1002 955 1044 Chris-

150 1073 223 1109 tus
245 1067 369 1109 dedit
390 1064 608 1120 apostohs,
626 1063 733 1104 dum
756 1075 831 1102 eos
853 1061 954 1102 mit-

150 1131 264 1167 teret
285 1125 341 1166 ad
363 1122 709 1179 praedicandum,
725 1119 954 1161 distributa

153 1183 352 1238 pecunia,
393 1181 694 1223 calceamenta
740 1177 953 1231 deposuit,

154 1248 199 1284 et
238 1241 368 1283 vnica
417 1244 654 1281 contentus
701 1236 862 1285 tunica,
903 1240 953 1276 vt

152 1305 370 1354 quatenus
391 1298 552 1346 liceret,
568 1294 786 1338 Christum
809 1293 953 1334 imita-

153 1365 282 1407 retur,
297 1357 531 1398 duodecim
549 1354 622 1395 sibi
642 1353 776 1395 socios
790 1351 952 1393 asciuit.

154 1416 309 1470 Atque
349 1415 406 1456 ad
448 1412 779 1455 aemulationem
821 1423 954 1451 euan-

153 1474 307 1529 gelicae
329 1470 623 1528 perfeetionis,
637 1470 836 1510 ordinem
860 1480 955 1508 mo-

155 1531 381 1582 nasticum,
403 1530 478 1585 qui
509 1529 727 1570 minorum
757 1525 955 1580 appella·

152 1597 225 1633 tur
261 1589 452 1631 instituit.
516 1587 798 1639 Romamque
834 1583 956 1625 venit

153 1649 268 1690 circa
318 1660 482 1689 annum
540 1643 566 1686 a
623 1642 793 1686 Christo
849 1647 956 1682 nato

153 1706 379 1748 .M.cc.viii.
434 1717 567 1759 quem
623 1715 741 1756 papa
795 1699 957 1741 visione

153 1765 306 1807 diuina
341 1762 629 1818 praemonitus
665 1759 855 1812 benigne
892 1772 956 1798 re-

152 1823 283 1877 cepit,
311 1821 610 1876 regulamque,
637 1824 681 1859 et
710 1817 955 1857 institutum

154 1881 211 1923 ab
233 1895 285 1923 eo
302 1879 480 1922 viuendi
501 1878 701 1919 ordinem
724 1874 957 1916 confirma-

154 1940 229 1982 uit.
273 1938 464 1980 Dimissis
485 1949 592 1990 ergo
614 1947 793 1988 quoquo
810 1931 955 1973 versus

155 1998 374 2046 fratribus,
405 1995 480 2049 qui
511 1993 695 2035 verbum
727 1990 798 2032 dei
831 1989 956 2030 semi-

156 2061 324 2106 natent,
338 2054 426 2109 ipse
448 2054 492 2093 in
516 2051 690 2104 Syriam
715 2047 955 2101 nauigauit,

156 2128 183 2156 a
220 2113 507 2164 Soldanoque
544 2109 625 2149 fuit
661 2106 853 2159 benigne
890 2118 954 2144 re-

154 2178 322 2226 ceptus
387 2168 573 2211 Sublata
608 2172 758 2207 tamen
797 2162 957 2216 przedi-

155 2229 286 2273 candi
322 2226 544 2274 facultate,
579 2220 757 2264 coa-stus
794 2220 874 2261 suit
912 2220 955 2260 in

155 2288 345 2345 pa‘triam
388 2285 536 2326 redire.
606 2281 687 2323 Cui
728 2278 956 2319 biennium

155 2354 258 2390 ante
289 2344 461 2386 obitum
493 2353 593 2382 cum
626 2337 697 2380 ‚xl.
729 2337 823 2378 dies
855 2335 959 2376 ieiu-

156 2406 294 2448 nasset
317 2403 359 2443 in
384 2405 534 2441 monte
557 2397 747 2438 aluernae
778 2395 820 2434 in
851 2392 958 2434 sesto

155 2459 442 2507 exaltationis
474 2455 614 2498 crucis
646 2452 787 2494 oranti
822 2464 957 2505 appa-

157 2522 283 2564 ruisse
317 2521 586 2559 memoratur
619 2510 789 2565 Scraph
822 2508 958 2550 cruci-

157 2581 286 2628 fixus,
307 2577 382 2631 qui
406 2575 447 2615 in
472 2571 675 2614 manibus
697 2576 740 2610 et
769 2567 957 2621 pedibus

157 2637 285 2693 ipsius
308 2635 510 2687 stigmata
539 2628 768 2683 plagarum
799 2623 956 2667 Christi

158 2693 417 2738 mirabiliter
453 2686 720 2742 impresserit.
783 2682 956 2736 Quibus

158 2752 384 2806 insignitus
437 2747 617 2788 summa:
673 2739 955 2784 admirationi

158 2808 328 2854 cunc’tis
360 2803 632 2848 intuentibus
665 2797 957 2842 venerationi-

158 2883 245 2925 que
286 2867 378 2908 suit.
459 2862 595 2904 Cuius
641 2859 699 2899 rei
744 2855 956 2897 Nicolaus

158 2940 275 2983 papa
296 2923 449 2967 tertius
471 2917 656 2975 publicis
678 2915 812 2957 literis
841 2912 958 2955 testi-

297 3046 308 3069 ¹
336 3054 442 3081 meus
458 3042 530 3079 esse
553 3053 560 3077 :
588 3041 627 3075 P.

272 3121 310 3152 Β.
328 3119 370 3151 N.

795 3034 810 3058 ²
834 3035 895 3071 die
913 3043 956 3077 .7.
978 3033 1016 3068 in
1036 3042 1082 3066 m.

1025 305 1223 347 monium
1238 305 1466 359 praebui'sse
1479 306 1677 348 traditur.
1707 306 1826 348 Tan-

1023 364 1127 405 dem
1167 363 1326 404 beatus
1369 363 1622 405 Franciscus
1669 364 1827 418 plenus

1022 422 1152 462 bonis
1193 421 1399 475 operibus
1439 427 1485 462 et
1524 422 1667 474 gratia
1706 423 1827 476 apud

1023 478 1224 520 Affisium
1252 479 1438 520 moritur
1459 478 1544 532 .iiij.
1570 493 1711 520 nonas
1739 480 1827 522 Oc-

1022 537 1172 579 tobris.
1234 536 1379 590 Quem
1412 536 1652 590 Gregorius
1683 551 1826 579 nonus

1022 595 1212 648 cognitis
1243 596 1335 636 eius
1369 594 1590 636 miraculis
1621 595 1827 650 catalogo

1022 652 1270 695 sanEtorum
1294 653 1528 707 adscripsit.

1023 729 1068 775 (I
1091 727 1275 768 Marcus
1284 733 1403 780 papa
1422 725 1632 779 confejffor.
1680 725 1828 768 Lectio

1347 783 1505 826 tertiat
1588 794 1590 796 ’

1033 852 1280 936 ΝΙΑῑευε
1296 853 1438 906 patria
1452 866 1660 893 romanus
1675 853 1826 907 magni

1172 911 1447 953 Constantini
1482 917 1683 964 ternpore
1717 925 1827 964 pon-

1023 969 1135 1010 tifex
1169 966 1321 1019 fa&us‚
1355 968 1550 1016 instituit,
1583 975 1631 1010 vt
1663 969 1828 1022 episco-

1023 1041 1106 1080 pus
1119 1028 1309 1069 ostiensis
1325 1025 1350 1068 a
1363 1041 1452 1080 quo
1460 1039 1668 1067 romanus
1683 1027 1828 1081 ponti-

1024 1086 1100 1126 fex
1131 1085 1418 1133 consecratur‚
1451 1084 1589 1138 pallio
1619 1091 1827 1127 vteretur.

1025 1143 1254 1194 Praeterea,
1289 1149 1337 1184 vt
1378 1143 1535 1183 diebus
1576 1142 1828 1184 solennibus

1023 1201 1168 1243 statim
1201 1201 1296 1255 post
1325 1201 1606 1254 euangelium
1635 1199 1827 1254 Symbo-

1023 1260 1115 1301 lum
1138 1260 1266 1300 iuxta
1293 1259 1638 1301 declarationem
1669 1259 1828 1299 nicaeni

1022 1318 1195 1371 concilij
1220 1332 1246 1359 a
1268 1317 1384 1358 clero
1406 1323 1450 1358 et
1473 1316 1641 1370 populo
1664 1330 1829 1370 magna

1023 1390 1132 1418 voce
1182 1377 1503 1417 decantaretur.
1582 1374 1708 1415 Duas
1758 1388 1828 1415 ec-

1024 1434 1172 1476 clesias
1196 1435 1354 1475 Roniae
1372 1432 1583 1481 condidit,
1602 1446 1734 1474 vnain
1757 1433 1830 1474 via

1024 1492 1283 1541 Ardeatina,
1306 1491 1491 1532 alteram
1522 1491 1636 1532 intra
1663 1490 1830 1532 vrbem.

1026 1550 1150 1604 Quas
1180 1549 1496 1592 Constantinus
1524 1549 1699 1602 magnis
1733 1562 1829 1589 mu-

1026 1609 1202 1650 neribus
1220 1607 1467 1654 exornauit,
1485 1613 1530 1648 et
1547 1607 1685 1648 auxit.
1729 1606 1829 1647 Pos-

1024 1673 1168 1708 tremo
1203 1680 1305 1708 cum
1342 1679 1401 1706 ex
1439 1665 1566 1706 sacris
1600 1665 1829 1706 ordinibus

1025 1726 1092 1766 bis
1110 1725 1256 1766 mense
1275 1723 1512 1765 Decembri
1527 1722 1700 1771 habitis,
1715 1722 1829 1776 pres-

1026 1784 1206 1837 byteros
1239 1796 1357 1823 ‚xxv.
1390 1781 1602 1822 diaconos
1639 1781 1702 1822 .vi.
1738 1781 1829 1834 epi-

1026 1841 1179 1895 scopos
1209 1840 1308 1893 .viij.
1339 1839 1530 1887 creasset,
1561 1839 1746 1879 moritur
1777 1852 1829 1879 ac

1026 1900 1070 1940 in
1099 1898 1354 1940 coemeterio
1384 1897 1583 1937 Balbinae
1613 1896 1829 1950 sepelitur,

1025 1971 1125 1998 cum
1169 1955 1338 1997 sedisset
1382 1968 1523 1995 annos
1565 1954 1618 2008 .ij.
1660 1953 1829 1995 menses

1024 2014 1121 2068 .viij.
1144 2014 1239 2055 dies
1259 2013 1427 2066 viginti.

1348 2092 1510 2135 Oratio.

1033 2162 1266 2247 EXaudi
1281 2161 1459 2203 domine
1474 2173 1625 2214 preces
1640 2159 1829 2201 nostras:

1136 2227 1179 2262 et
1202 2219 1500 2261 intercedente
1520 2218 1652 2259 beato
1676 2218 1830 2260 Marco

1027 2279 1264 2321 confessore
1315 2284 1392 2318 tuo
1444 2283 1578 2329 atque
1620 2275 1830 2330 pontifice

1028 2336 1367 2392 supplicationes
1416 2333 1582 2375 nostras
1627 2333 1830 2388 placatus

1028 2395 1220 2437 intende.
1242 2406 1329 2447 per.

1028 2478 1072 2524 (I
1112 2472 1355 2537 Dionysii-ts,
1388 2469 1599 2525 Rusticus,
1630 2469 1830 2511 Eleuthe-

1261 2544 1356 2572 rms
1377 2535 1598 2581 martyres.

1265 2602 1412 2645 Lellio
1434 2599 1597 2643 tertia⁸.

1035 2673 1320 2760 DIonysius
1371 2672 1515 2726 patria
1567 2670 1829 2712 atheniensis

1146 2733 1210 2774 vir
1241 2731 1443 2786 patritius
1480 2735 1524 2771 et
1559 2729 1829 2783 areopagita,

1026 2806 1115 2847 quo
1138 2790 1315 2832 nomine
1343 2788 1457 2829 illius
1486 2787 1678 2828 ciuitatis
1708 2785 1829 2827 sena-

1027 2858 1144 2893 tores
1177 2846 1528 2902 appellabantur,
1558 2844 1746 2886 traditur
1776 2857 1830 2885 eo

1026 2909 1110 2958 die,
1141 2920 1230 2961 quo
1262 2903 1458 2947 Christus
1488 2900 1724 2944 crucifixus
1757 2901 1830 2951 est,

1255 3026 1269 3050 ³
1294 3026 1354 3063 die
1373 3035 1416 3071 ,9.
1436 3025 1477 3061 in
1496 3037 1542 3061 m.
1593 3024 1624 3060 6.
1645 3024 1689 3061 A.

1663 3099 1677 3129 Ι
1693 3099 1707 3129 1
