2066 3392
1014 239 1157 280 xxviii

318 363 540 418 praecedit,
562 363 745 405 habebit
767 364 943 418 primas,
962 370 1005 404 et
1029 363 1240 405 secundas
1259 363 1461 418 vesperas
1479 363 1696 418 sequentis
1713 368 1863 405 autem

320 432 527 481 officium,
550 432 756 486 quamuis
788 432 836 473 fit
867 432 1037 486 duplex
1064 433 1211 473 minus
1240 433 1542 486 incipiendum
1575 432 1634 474 est
1664 446 1690 474 a
1721 438 1865 474 matu-

319 500 440 543 tin0¹.
503 500 616 555 Quae
649 501 729 542 sint
760 506 912 542 autem
943 500 1138 555 duplicia
1170 501 1351 552 maiora,
1383 507 1427 542 et
1458 515 1559 555 quae
1602 501 1775 542 minora
1806 513 1866 542 ex

320 570 573 612 calendario
595 569 824 611 constabit.

455 687 500 732 (I
537 681 736 734 Quando²
755 683 973 738 agendum
985 683 1050 736 sit
1069 683 1121 724 de
1138 682 1503 736 dominicaferz'a,
1523 689 1603 724 aut
1609 682 1733 737 festo.

409 777 453 822 ΙΙ
487 775 539 815 In
572 774 780 815 omnibus
805 774 1052 824 dominicis,
1074 773 1148 814 nist
1178 780 1379 814 occurrat
1406 772 1560 814 festum
1584 772 1768 826 duplex,
1791 778 1870 813 aut

322 844 546 897 agendum
579 842 629 884 fit
659 843 715 884 de
744 843 892 896 aliqua
913 841 1086 891 octaua,
1110 842 1160 883 fit
1181 842 1373 882 officium
1396 843 1452 883 de
1473 842 1705 883 dominica.
1771 840 1870 882 Fes-

322 920 415 954 tum
455 918 603 953 autem
636 911 821 965 simplex
854 912 897 952 in
929 925 981 952 ea
1011 925 1243 952 occurrens
1274 911 1456 953 habebit
1487 918 1660 952 tantum
1692 911 1869 953 tertiam

324 980 572 1030 leffionem,
596 988 639 1021 et
666 980 773 1021 nihil
803 980 934 1021 aliud.
999 979 1192 1033 Quando
1213 994 1317 1021 vero
1346 980 1501 1021 festum
1524 980 1694 1035 duplex
1716 980 1872 1021 incidit

323 1051 366 1091 in
389 1050 612 1090 dominica
634 1049 803 1102 semper
826 1048 872 1089 fit
895 1047 1088 1089 officium
1111 1049 1167 1089 de
1189 1048 1296 1089 festo
1317 1048 1484 1102 duplici
1507 1054 1804 1102 praeterquam
1825 1047 1870 1088 in

323 1118 556 1159 dominicis
578 1117 809 1164 aduentus,
833 1123 877 1157 et
900 1117 942 1157 in
973 1117 1198 1158 dominica
1227 1115 1568 1170 septuagefimae,
1589 1122 1634 1157 et
1656 1115 1871 1170 sequenti-

324 1189 407 1229 bus
428 1188 663 1229 dominicis
677 1187 810 1240 vsque
833 1187 888 1228 ad
913 1186 1084 1240 pascha,
1101 1188 1157 1227 de
1171 1187 1330 1240 quibus
1352 1186 1453 1227 vide
1475 1185 1675 1239 regulam
1698 1186 1742 1226 in
1763 1183 1884 1226 sesto·

326 1256 460 1299 sancti
493 1257 689 1298 Andreae
719 1257 790 1297 fol.
813 1255 929 1298 628³.
999 1257 1059 1298 Et
1085 1256 1190 1297 ficut
1219 1257 1261 1297 in
1284 1256 1351 1297 his
1374 1256 1607 1297 dominicis
1629 1255 1692 1297 ita
1713 1255 1874 1296 facien-

325 1330 431 1370 dum
459 1327 531 1376 est,
553 1327 733 1381 quando
762 1326 917 1367 festum
945 1326 1115 1380 duplex
1142 1326 1342 1367 inciderit
1369 1326 1413 1366 in
1443 1325 1550 1366 feria
1578 1330 1737 1379 quarta
1757 1324 1874 1365 cine-

327 1411 433 1438 rum.
498 1397 550 1437 In
581 1396 679 1450 alijs
701 1410 805 1437 vero
837 1395 957 1449 serijs
989 1397 1126 1436 totius
1158 1396 1274 1445 anni,
1298 1397 1339 1436 in
1373 1395 1533 1449 quibus
1565 1394 1735 1435 nullum
1767 1393 1874 1435 inci-

325 1468 439 1507 derit
462 1466 629 1515 festum,
652 1480 732 1507 nec
755 1466 803 1507 sit
826 1467 1049 1518 agendum
1072 1466 1128 1506 de
1150 1465 1298 1519 aliqua
1321 1464 1490 1515 octaua,
1515 1465 1685 1518 semper
1704 1464 1876 1506 dicetur

327 1537 442 1576 idem
473 1536 677 1584 officium,
711 1536 830 1588 quod
865 1536 906 1575 in
940 1536 1164 1575 dominica
1195 1535 1473 1588 praecedenti.
1534 1533 1618 1574 hoc
1649 1532 1721 1582 est,
1754 1532 1871 1573 idem

327 1605 629 1645 inuitatorium
667 1617 767 1644 cum
803 1603 956 1656 ijsdem
994 1604 1183 1657 hymnis,
1222 1610 1266 1644 et
1307 1604 1517 1643 oratione.
1558 1603 1688 1643 tertia
1723 1607 1872 1642 autem

326 1672 456 1715 lectio
488 1674 677 1714 dicenda
708 1673 781 1723 est,
803 1687 901 1726 quae
933 1673 1146 1726 assignata
1176 1672 1307 1714 fuerit
1339 1673 1381 1713 in
1414 1671 1666 1712 calendario
1697 1670 1876 1724 fingulis

325 1743 492 1784 diebus.
555 1743 604 1782 In
637 1742 969 1796 quadragefima
997 1749 1146 1783 autem
1174 1742 1352 1795 singulis
1383 1741 1499 1794 ferijs
1529 1742 1752 1794 assignatae
1774 1739 1874 1781 sunt

326 1812 514 1865 propriae
528 1812 760 1856 orationes,
778 1825 876 1864 quae
894 1817 1044 1851 tamen
1062 1811 1328 1851 omittuntur
1344 1810 1523 1863 quando
1538 1809 1690 1849 incidit
1708 1807 1875 1850 festum.

327 1888 370 1922 ct
400 1880 593 1921 similiter
620 1881 840 1920 omittitur
867 1880 1010 1920 oratio
1040 1880 1250 1933 asfignata
1280 1879 1340 1919 illi
1370 1879 1618 1928 dominicae,
1639 1878 1683 1918 in
1713 1891 1802 1931 qua
1822 1877 1874 1919 fit

327 1949 520 1990 officium
547 1949 603 1989 de
634 1948 741 1989 festo
773 1947 937 2002 duplici
966 1948 1070 2001 quia
1096 1947 1218 1988 nulla
1240 1948 1372 1989 debet
1395 1947 1485 1988 fieri
1508 1945 1874 1988 commemoratio

328 2021 370 2059 in
394 2026 491 2060 toto
514 2031 644 2066 ann0‚
661 2023 820 2071 praeter
841 2031 928 2065 eas,
945 2031 1044 2070 quae
1062 2018 1285 2070 affignatae
1304 2017 1400 2058 sunt
1422 2017 1465 2057 in
1488 2017 1711 2058 dominica
1732 2016 1874 2070 prima

328 2088 546 2128 aduentus
569 2086 625 2126 de
647 2086 778 2126 beata
799 2085 978 2138 virgine.
1002 2092 1082 2126 etc.
1105 2085 1159 2125 fo.
1183 2082 1264 2137 78⁴.

415 2185 458 2230 (ἶ
487 2182 557 2223 De
573 2182 628 2235 fe
666 2182 703 2222 is
721 2181 976 2235 sancft'ormn
1008 2180 1319 2222 occurrentibus
1347 2180 1392 2221 in
1406 2179 1537 2235 festis
1556 2178 1726 2220 domini
1744 2178 1876 2221 mobi-

333 2252 456 2293 libus.

415 2340 460 2385 ([
496 2337 770 2385 Notandum,
802 2337 922 2390 quod
955 2336 982 2376 fi
1014 2337 1057 2376 in
1090 2336 1237 2377 triduo
1269 2342 1372 2377 ante
1404 2334 1575 2389 pascha,
1607 2340 1651 2375 et
1685 2334 1729 2375 in
1766 2333 1874 2375 sesto

334 2403 691 2451 Resurrectionis,
711 2404 999 2453 Ascenfionis,
1025 2404 1312 2454 Pentecostes‚
1334 2404 1576 2452 Trinitatis,
1601 2409 1644 2443 et
1668 2402 1874 2456 Corporis

331 2472 486 2514 Christi
506 2473 707 2513 inciderit
727 2473 904 2526 aliquod
922 2472 1075 2513 festum
1100 2472 1297 2526 simplex,
1317 2472 1538 2512 omittitur
1558 2470 1751 2511 omnino.
1814 2469 1874 2511 Et

329 2543 463 2582 etiam
496 2542 762 2581 omittuntur
791 2541 889 2581 aliae
921 2540 1029 2582 tres⁶
1057 2539 1266 2582 lectiones
1296 2541 1518 2593 asfignatae
1546 2540 1589 2579 in
1618 2538 1874 2579 calendario

330 2625 408 2664 pro
432 2611 515 2651 illis
538 2611 704 2651 diebus.
758 2611 805 2652 Si
828 2618 977 2652 autem
996 2612 1230 2651 occurrerit
1253 2609 1407 2650 festum
1430 2607 1599 2662 duplex
1621 2608 1760 2661 (quod
1784 2620 1872 2648 non

331 2680 581 2732 frequenter
609 2680 803 2731 eueniet)
829 2679 1184 2720 transferendum
1218 2678 1277 2719 est
1310 2679 1352 2718 in
1385 2677 1640 2730 proximum
1666 2677 1798 2725 diem,
1829 2676 1872 2717 in

330 2763 419 2802 quo
449 2748 617 2789 nullum
652 2749 818 2789 incidat
847 2748 1032 2790 festum:
1070 2755 1113 2789 et
1142 2746 1293 2789 tertia⁶
1319 2746 1449 2787 leffi‘cio
1477 2760 1530 2787 eo
1556 2746 1628 2786 die
1654 2745 1697 2786 in
1727 2745 1874 2786 calen-

330 2818 454 2858 dario
476 2817 687 2869 assignata
709 2818 949 2858 omittetur.

379 2919 389 2940 ¹
417 2918 610 2954 matutinis
633 2931 640 2952 :
661 2919 704 2952 A.
1184 2916 1198 2938 4
1223 2918 1358 2961 videp.
1379 2926 1422 2951 22
1440 2916 1555 2961 infra.

377 2967 390 2988 2
421 2966 581 3010 Quando
626 2966 665 2998 in
708 2969 916 3000 alramenlo
949 2965 1072 3010 super
1183 2964 1196 2984 ⁵
1222 2965 1341 2998 tertiae
1365 2975 1371 2998 :
1394 2964 1434 2997 R.
1458 2964 1493 2997 P.
1511 2964 1552 2996 A.

334 3013 534 3058 Quomodo
556 3026 562 3047 :
583 3013 624 3046 R.
1184 3011 1197 3031 ⁶
1223 3011 1331 3045 tertia
1351 3023 1357 3044 :
1377 3022 1445 3045 om.
1464 3011 1507 3044 A.

379 3061 392 3082 ³
418 3060 504 3094 vide
515 3063 553 3104 p.
574 3068 639 3101 174
656 3059 770 3102 infra.
