2066 3392
263 179 341 220 188

257 269 563 311 misericordiae
606 270 675 311 Tu
718 284 797 311 nos
839 270 896 311 ab
936 269 1057 310 hoste

258 333 441 382 protege
465 344 473 369 :
498 328 559 369 Et
579 328 687 369 hora
708 328 862 369 mortis
885 327 1057 381 suscipe.

317 385 468 428 Gloria
489 386 569 427 tibi
591 386 782 434 domine,
807 386 895 440 Qui
926 391 1058 426 natus

260 458 306 484 es
357 444 413 485 de
458 444 639 497 virgine,
681 444 794 486 Cum
836 450 973 498 patre,
1014 449 1058 484 et

260 499 408 542 sancto
432 501 598 555 Spiritu
631 502 683 543 In
712 502 976 556 sempiterna
999 500 1058 542 se-

259 559 369 601 cula.
429 559 590 601 Amen.

390 652 571 706 Reliqua
600 652 711 693 anni
739 659 928 707 tempore.

551 732 768 786 Hymnus.

395 805 592 848 Gloriosa
634 805 825 855 domina,
873 805 1063 846 Excelsa

384 864 510 917 super
530 864 696 916 sydera,
719 863 808 916 Qui
830 870 874 905 te
896 864 1061 904 creauit

261 923 446 976 prouide
473 938 481 963 ε
503 919 668 962 lactasti
692 922 811 963 sacro
832 922 975 963 vbere.

321 979 454 1034 Quod
498 980 596 1020 Eua
632 979 762 1020 tristis
794 978 982 1028 abstulit,
1013 984 1060 1020 tu

261 1039 408 1079 reddis
430 1038 548 1079 almo
570 1039 768 1091 germine
791 1054 799 1079 z
822 1038 995 1079 Intrent
1014 1044 1061 1078 vt

261 1096 374 1137 astra
399 1095 578 1145 flebiles,
602 1095 715 1137 Coeli
739 1095 924 1137 fenestra
946 1093 1062 1136 facta

261 1168 317 1196 es,

319 1212 388 1253 Tu
421 1212 557 1265 Regis
586 1211 663 1253 alti
687 1212 829 1259 ianua,
853 1211 912 1252 Et
935 1217 1064 1265 porta

261 1270 368 1311 lucis
391 1270 560 1324 fulgida
594 1284 602 1311 :
633 1270 786 1311 Vitam
810 1270 961 1310 datam
985 1283 1063 1322 per

261 1329 489 1381 virginem,
500 1328 667 1370 Gentes
684 1329 925 1382 redemptae
940 1327 1061 1382 plau-

261 1387 364 1427 dite.

321 1445 464 1485 Maria
488 1450 630 1485 mater
647 1442 832 1498 gratiae1.
859 1443 1064 1497 utsupra.

263 1539 307 1585 (I
340 1536 422 1577 Ad
455 1535 629 1576 tertiam
661 1534 877 1575 lec‘Jz’onem
897 1534 1069 1588 semper

452 1593 615 1634 dicitur
634 1592 869 1634 benedzHio.

324 1671 406 1712 Per
440 1670 657 1724 virginem
691 1675 877 1710 matrem
910 1683 1064 1710 conce-

264 1730 343 1771 dat
374 1729 502 1771 nobis
544 1728 752 1769 dominus
793 1727 990 1777 salutem,
1021 1733 1065 1768 et

265 1801 433 1841 pacem.
494 1785 737 1826 R.Amen.

266 1882 310 1927 (I
346 1878 426 1933 Est
440 1878 571 1919 etiam
599 1875 930 1918 aduertendum²
956 1877 1073 1930 quod

325 1936 462 1978 tertz'ce
493 1935 684 1977 laniones
714 1935 761 1976 in
780 1934 979 1987 sabbatis
1007 1949 1068 1975 oc-

323 2001 537 2036 currentes
548 1994 767 2047 affiguatoe
774 1993 818 2033 in
824 1992 1068 2034 calendario

323 2067 374 2095 ex
387 2052 575 2106 epistolis,
589 2051 659 2092 vel
668 2051 778 2091 anis
792 2051 1068 2105 apostolorum

325 2108 610 2152 omittantur³
666 2109 847 2158 omnino,
898 2109 1069 2162 quando

324 2170 478 2222 agitur
515 2168 565 2208 de
605 2167 725 2208 beata
766 2166 938 2221 virgine
977 2181 992 2207 .·
1031 2173 1073 2207 et

328 2227 409 2267 loco
438 2239 586 2267 earum
615 2224 789 2280 legenda
817 2225 875 2279 est
902 2238 989 2265 vna
1021 2238 1073 2265 ex

326 2284 618 2338 iufrastrzjhtz's
645 2283 882 2336 secundum
931 2283 1069 2323 varie-

330 2349 459 2384 tatem
483 2349 732 2395 temporum.

272 2420 315 2464 fl]
332 2416 388 2457 In
404 2416 594 2457 aduentu
608 2414 726 2455 leelio
741 2414 867 2455 tertia
879 2428 931 2455 ex
940 2415 1073 2468 capite

499 2473 647 2527 primo
668 2471 827 2514 Lucoe4.

282 2549 499 2631 MIssus
528 2548 588 2589 est
619 2548 802 2600 angelus
836 2547 1014 2589 Gabriel
1046 2546 1072 2589 a

417 2607 502 2647 deo
531 2607 573 2646 in
603 2607 828 2646 ciuitatem
863 2606 1072 2654 Galilaeae,

273 2666 341 2706 cui
374 2678 535 2705 nomen
567 2663 968 2704 Nazareth...Ecce
994 2677 1071 2704 an-

273 2723 371 2764 cilla
394 2722 575 2771 domini,
598 2721 675 2762 fiat
704 2721 811 2762 mihi
834 2721 1070 2762 secundum

271 2780 451 2822 verbum
474 2786 613 2821 tuum.

343 2871 355 2892 ¹
381 2878 450 2906 etc.
470 2883 477 2905 z
495 2871 579 2906 add.
600 2872 643 2907 R.
664 2871 701 2905 P.
722 2871 765 2905 A.

342 2918 356 2939 2
381 2918 678 2952 aduertandum:
703 2918 740 2952 P.

344 2965 357 2987 ³
383 2966 623 2999 omittuntur:
646 2966 687 2999 R.
710 2965 747 2998 P.
764 2965 807 2998 A.

344 3012 356 3033 ⁴
381 3012 417 3057 [i.
439 3010 604 3056 20-38]

617 193 731 226 OFFI
731 193 784 225 CI
787 193 861 225 VM
886 192 986 225 BEA
998 192 1030 224 T
1025 192 1078 223 AE
1107 192 1181 224 MA
1186 193 1294 225 RJAE
1331 194 1412 226 VIR
1417 195 1561 227 GINIS.

1125 272 1169 318 (I
1194 269 1300 324 Post
1308 271 1544 313 aduentum
1560 271 1685 325 vsque
1699 271 1762 312 ad
1768 269 1928 325 paseha
1988 311 1991 314 ⁴

1183 328 1302 370 lenio
1331 329 1460 370 tertia
1489 344 1543 371 ex
1561 330 1761 383 sermone
1780 326 1931 382 sanc‘Zi

1181 386 1431 441 Augustini.

1134 459 1413 546 Equamur
1456 461 1623 516 aliquid
1668 461 1823 503 fratres
1863 457 1929 501 in⁶

1247 519 1452 561 laudibus
1505 520 1794 561 sacratiffimae
1843 517 1927 559 vir-

1127 576 1241 630 ginis
1265 577 1430 619 Mariae.
1493 578 1581 620 Sed
1605 578 1709 632 quid
1733 590 1813 618 nos
1834 583 1930 618 tan-

1128 634 1222 684 tilli,
1245 635 1350 688 quid
1381 633 1553 677 actione
1576 636 1725 689 pusllli,
1749 635 1855 689 quid
1885 634 1929 675 in

1129 693 1222 733 eius
1254 693 1458 735 laudibus
1486 693 1753 735 referemus?
1815 692 1928 734 Cum

1129 756 1173 791 et
1207 750 1234 791 fi
1267 752 1466 792 omnium
1503 751 1697 793 nostrum
1732 750 1931 792 membra

1129 814 1402 850 verterentur
1418 810 1461 850 in
1484 809 1668 864 linguas,
1685 822 1783 850 eam
1805 808 1932 850 laud-

1129 880 1202 907 are
1219 866 1431 908 sufficeret
1447 867 1617 909 nullus?
1655 865 1932 908 Altiorcoelo
2001 899 2005 903 .

1128 924 1189 965 est
1217 924 1273 965 de
1295 939 1382 978 qua
1408 925 1639 980 loquimur,
1661 924 1811 978 abysso
1832 937 1933 978 pro-

1129 982 1316 1032 fundior,
1346 984 1415 1024 cui
1445 984 1598 1025 laudes
1627 984 1772 1024 dicere
1800 995 1932 1023 cona-

1132 1054 1238 1082 mur.
1303 1041 1416 1082 Haec
1454 1042 1514 1083 est
1550 1042 1667 1082 enim
1707 1054 1807 1094 quae
1844 1040 1933 1081 sola

1132 1099 1290 1139 meruit
1327 1106 1469 1141 mater
1503 1106 1548 1141 et
1586 1098 1739 1153 sponsa
1775 1098 1932 1140 vocari.

1135 1157 1259 1198 Haec·
1285 1158 1440 1211 primae
1479 1158 1629 1198 matris
1666 1158 1830 1198 damna
1869 1170 1933 1197 re-

1132 1214 1272 1256 soluit.
1356 1215 1468 1256 Haec
1532 1215 1699 1256 homini
1759 1214 1934 1268 perdito

1133 1273 1485 1327 redemptionem
1524 1273 1725 1314 adduxit.
1788 1273 1935 1314 Mater

1133 1332 1250 1372 enim
1283 1332 1454 1384 generis
1486 1331 1615 1372 nostri
1653 1344 1833 1384 poenam
1870 1331 1935 1371 in-

1134 1388 1235 1430 tulit
1289 1390 1468 1438 mundo,
1519 1390 1714 1443 genitrix
1764 1389 1934 1434 domini

1134 1447 1265 1487 nostri
1324 1447 1505 1488 salutem
1561 1447 1702 1488 edidit
1756 1447 1935 1488 mundo.

1138 1504 1329 1546 Auctrix
1379 1506 1550 1558 peccati
1602 1505 1712 1554 Eua,
1761 1502 1935 1545 auctrix

1136 1563 1279 1604 meriti
1331 1564 1485 1604 Maria.
1548 1563 1645 1604 Eua
1693 1562 1936 1603 occidendo

1135 1621 1287 1671 obfuit,
1307 1622 1450 1662 Maria
1471 1621 1737 1662 viuificando
1759 1620 1935 1674 profuit.

1138 1679 1219 1720 Illa
1247 1680 1457 1732 percuffit,
1482 1679 1559 1720 ista
1581 1679 1759 1720 sanauit.
1823 1679 1937 1719 Haec

1134 1738 1251 1778 enim
1294 1737 1495 1786 mirabili,
1529 1743 1664 1790 atque
1706 1735 1936 1777 inaestima-

1135 1795 1211 1835 bili
1263 1796 1398 1836 modo
1446 1796 1645 1836 omnium
1696 1807 1840 1835 rerum
1892 1800 1937 1836 et

1138 1853 1259 1893 suum
1288 1853 1459 1907 peperit
1488 1853 1760 1894 saluatorem.
1821 1851 1936 1907 Quae

1136 1911 1232 1952 haec
1260 1912 1384 1964 virgo
1412 1918 1505 1952 tam
1535 1909 1693 1960 sancta,
1716 1910 1774 1951 ad
1802 1923 1936 1963 quam

1136 1968 1305 2010 venire⁶
1325 1969 1581 2023 dignaretur
1607 1968 1797 2022 Spiritus
1819 1968 1937 2009 sanc-

1137 2027 1239 2068 tus?
1299 2027 1411 2080 Quae
1433 2034 1525 2068 tam
1549 2026 1748 2080 speciosa,
1769 2032 1816 2067 vt
1838 2039 1936 2067 eam

1139 2086 1246 2126 deus
1262 2085 1336 2126 fibi
1351 2085 1531 2139 eligeret
1545 2084 1743 2138 sponsam
1764 2084 1780 2125 ?
1824 2083 1937 2137 Quae

1138 2149 1231 2184 tam
1273 2143 1400 2192 casta,
1438 2150 1485 2184 vt
1521 2143 1605 2183 esse
1640 2142 1779 2196 posset
1816 2143 1938 2195 virgo

1137 2201 1233 2255 post
1258 2201 1466 2255 partum?
1520 2201 1633 2241 Haec
1654 2200 1715 2241 est
1735 2201 1806 2241 dei
1829 2207 1939 2241 tem-

1137 2259 1274 2313 plum,
1296 2259 1394 2300 fons
1422 2258 1495 2299 ille
1516 2258 1718 2312 fignatus‚
1740 2264 1785 2300 et
1811 2264 1940 2312 porta

1139 2318 1182 2357 in
1219 2317 1355 2358 domo
1388 2317 1459 2358 dei
1495 2316 1650 2358 clausa.
1710 2315 1786 2357 Ad
1825 2315 1938 2356 hanc

1139 2388 1333 2428 namque
1390 2374 1580 2428 Spiritus
1635 2371 1808 2415 sanctus
1863 2374 1938 2414 de-

1140 2433 1316 2481 scendit,
1377 2432 1491 2473 hanc
1551 2432 1688 2473 virtus
1752 2432 1940 2472 altissimi

1139 2491 1434 2531 obumbrauit.
1498 2490 1610 2530 Haec
1638 2489 1699 2530 est
1729 2489 1939 2530 immacu-

1141 2548 1231 2589 lata
1260 2549 1390 2597 coitu,
1416 2547 1624 2589 foecunda
1653 2553 1793 2601 partu,
1816 2548 1940 2600 virgo

1141 2604 1321 2656 laetans,
1351 2606 1609 2659 angelorum
1639 2612 1683 2646 et
1711 2605 1939 2645 hominum

1141 2664 1288 2704 cibum
1312 2665 1517 2704 nutriens.
1567 2663 1728 2704 Merito
1750 2676 1941 2715 namque

1141 2722 1272 2762 beata
1294 2721 1495 2774 fingulari
1518 2719 1544 2762 a
1567 2721 1694 2761 nobis
1720 2720 1941 2774 praeconio

1142 2778 1401 2828 extollitur⁷,
1437 2793 1537 2833 quae
1575 2778 1788 2831 singulare
1823 2791 1941 2818 com-

1213 2869 1227 2891 5
1251 2870 1298 2905 de
1318 2882 1325 2904 :
1346 2870 1383 2904 P.

1211 2917 1225 2938 ⁶
1251 2917 1365 2952 veniri
1387 2929 1393 2951 :
1412 2917 1455 2950 A.

1212 2963 1224 2985 ⁷
1251 2965 1451 2999 excolitur:
1473 2965 1510 2998 P.
1525 2963 1568 2998 A.
