2066 3392
223 198 303 240 166

280 289 472 332 Gentem
496 285 663 327 auferte
686 284 902 339 perfidam
926 283 1031 326 Cre-

222 348 423 390 dentium
467 346 523 385 de
559 344 732 393 finibus,
771 349 818 384 vt
860 341 1031 384 Christo

221 405 376 447 laudes
404 403 577 445 debitas
608 400 912 443 Persoluamus
940 399 1031 440 ala-

225 465 365 506 criter.

285 519 437 563 Gloria
466 517 580 573 patri
603 515 814 570 ingenito,
837 514 1032 567 Eiusque

222 579 486 632 vnigenito:
506 576 608 617 Vna
634 588 735 615 cum
765 571 914 614 sancto
947 572 1033 625 spi-

225 639 310 679 ritu
331 636 383 677 In
402 634 666 688 sempiterna
684 631 836 673 secula.
869 631 1031 671 Amen.

551 739 713 782 Oratio.

231 822 585 907 OMnipotens
618 818 881 885 sempiterne
912 818 1034 866 deus,

350 894 425 934 qui
448 893 528 920 nos
555 878 755 919 omnium
786 874 1033 917 sanctorum

226 894 404 980 tuoruqm
436 937 592 978 merita
624 935 700 976 sub
727 948 816 976 vna
847 932 1033 975 tribuisti

227 997 484 1038 celebritate
525 993 734 1041 venerari,
772 992 1035 1046 quaesumus,

226 1061 275 1096 vt
306 1054 614 1107 desyderatam
649 1050 778 1091 nobis
814 1056 902 1091 tuce
936 1063 1035 1103 pro-

227 1113 473 1166 pitiationis
521 1109 843 1151 abundantiam
888 1107 1035 1148 multi-

228 1170 403 1224 plicatis
427 1167 776 1210 intercessoribus
802 1165 1033 1220 largiaris.

227 1242 306 1283 per
327 1228 570 1269 dominum.

244 1339 288 1385 ΕΙ
312 1336 393 1377 Aa?
410 1334 677 1377 valtellinam
699 1332 912 1375 ιἰιιιὶΐιιίοι
914 1329 1035 1373 ιἰιιιιι.

289 1424 461 1476 Regem
498 1434 656 1475 regum
698 1419 931 1460 dominum
963 1430 1038 1457 v-e

229 1481 321 1522 nite
369 1480 604 1521 adoremus
650 1491 659 1519 ε
700 1477 810 1542 quia·
847 1475 935 1529 ipse
977 1474 1037 1516 est

230 1552 395 1580 corona
418 1535 667 1578 sanctmum
690 1535 902 1576 omnium.

520 1650 576 1692 H
562 1663 737 1703 ymnus.

286 1737 372 1779 Esu
396 1736 586 1777 saluator
614 1734 741 1784 seculi
773 1732 1038 1786 Redemptis

314 1810 399 1849 ope
422 1794 602 1835 subueni
628 1807 637 1834 2
671 1793 730 1833 Et
761 1792 834 1845 pia
866 1791 937 1832 dei
963 1804 1039 1844 ge-

230 1855 367 1895 nitrix
392 1852 593 1895 Salutem
616 1850 744 1905 posce
767 1849 940 1890 miseris.

291 1913 446 1954 Coetus
477 1923 632 1951 omnes
664 1907 865 1961 angelici,
900 1906 1038 1947 Patri-

230 1969 461 2011 archarum
512 1968 639 2008 cunei
685 1982 692 2007 :
739 1966 799 2006 Et
849 1965 1038 2018 prophe-

230 2035 376 2070 tarum
419 2027 577 2067 merita
619 2024 762 2065 Nobis
803 2028 1039 2077 precentur

230 2087 418 2127 veniam

289 2142 487 2197 Baptista
530 2140 686 2183 Christi
733 2139 936 2193 praeuius,
978 2137 1038 2179 Et

231 2202 426 2255 clauiger
456 2199 687 2249 aethereus,
721 2198 834 2239 Cum
867 2196 1037 2238 caeteris

232 2259 439 2314 apostolis
463 2259 557 2299 Nos
588 2254 778 2298 saluent²
807 2269 927 2296 nexu
959 2254 1039 2295 cri-

232 2318 376 2358 minis.

291 2375 464 2417 Chorus
525 2373 717 2414 sacratus
779 2376 1037 2424 martyrum,

234 2433 450 2475 Confessio
485 2431 773 2479 sacerdotum,
807 2430 867 2469 Et
907 2429 1039 2481 virgi-

232 2491 345 2532 nalis
367 2490 540 2531 castitas
564 2489 659 2529 Nos
681 2502 707 2528 a
738 2487 932 2541 peccatis
961 2486 1037 2526 ab·

233 2549 370 2590 luant.

291 2604 616 2657 Monachorum
669 2602 885 2656 suffragia,
929 2602 1038 2644 Om-

233 2664 394 2717 nesque
445 2664 561 2704 ciues
623 2661 766 2702 coelici
819 2660 1039 2701 Annuant

232 2723 347 2763 votis
390 2721 635 2774 supplicum
673 2736 681 2761 :
715 2720 775 2760 Et
805 2719 910 2760 vitae
942 2717 1038 2771 pos—

233 2785 336 2820 cant
358 2779 600 2833 praemium.

302 2885 314 2907 1
341 2885 427 2920 die.
436 2896 462 2919 1.
484 2885 523 2919 in
541 2896 587 2919 m.

303 2931 317 2954 2
342 2933 515 2966 saluant:
536 2933 578 2966 R.
630 2931 807 2966 soluant:
827 2930 865 2965 P.
885 2929 930 2964 A.

303 2978 416 3047 Ξ[νίἰ.
438 2977 581 3024 2-17,]

343 3027 390 3060 sn
413 3027 586 3071 margine
613 3035 667 3059 20.
697 3034 752 3069 43.
778 3032 833 3068 75.
868 3033 905 3058 12
911 3023 1038 3058 .ch'c

910 206 955 239 N
954 205 981 239 O
990 202 1208 239 VEMBER.

1152 283 1273 325 Laus
1294 281 1446 332 honor,
1463 281 1613 331 virtus,
1636 279 1777 334 gloria
1799 279 1900 320 Deo

1095 342 1222 395 patri,
1246 346 1290 381 et
1312 340 1414 390 filio,
1438 336 1604 382 Sancto
1626 337 1750 379 fimul
1774 350 1917 391 para--

1096 399 1211 440 cleto
1231 399 1283 440 In
1301 397 1542 439 seculorum
1564 395 1716 438 secula.
1739 395 1901 437 Arnen.

1097 556 1142 601 41
1184 552 1329 594 Lec‘Zio
1370 552 1508 594 tertia.
1567 551 1645 592 Ex
1681 549 1814 606 capite
1848 559 1900 604 .7.

1327 609 1629 665 Apocalypfiffl.

1190 708 1229 749 T
1257 708 1347 749 vidi
1380 707 1567 748 alterum
1599 705 1808 760 angelum
1841 704 1904 747 as-

1220 767 1483 807 cendentem
1519 765 1576 806 ab
1617 770 1715 805 ortu
1747 763 1882 805 solis..

1099 830 1143 865 et
1166 824 1383 878 absterget
1405 824 1513 865 deus
1535 836 1714 863 omnem
1731 821 1904 905 lachry-

1101 896 1220 923 marn
1243 882 1299 923 ab
1321 881 1459 923 oculis
1484 894 1648 922 eorum.

1124 1042 1127 1045 .
1151 999 1187 1060 ,ζ’-
1208 994 1219 1008 ¹
1241 1001 1349 1044 Odie
1372 1002 1470 1056 post
1501 1001 1694 1054 vesperas
1723 964 1814 1042 diei
1839 1000 1907 1043 dt-

1118 1058 1127 1083 z
1149 1046 1220 1092 ξῑ-’Ὗ
1283 1075 1346 1101 cn
1339 1067 1444 1101 ιίιιν
1502 1060 1680 1113 vefiffierae
1731 1059 1908 1113 defunc-

1102 1126 1244 1160 torum
1267 1118 1349 1171 ms
1356 1118 1401 1171 s
1404 1124 1422 1158 t
1429 1117 1675 1171 sabbatum
1690 1131 1793 1160 nam
1808 1123 1910 1158 tunc

1103 1177 1278 1230 vesperoe
1296 1177 1594 1229 defiasfflornm
1613 1175 1822 1216 dicuntur
1839 1175 1911 1216 die

1101 1234 1328 1283 dominica,
1347 1241 1387 1275 et
1407 1234 1674 1275 matutinum
1695 1233 1765 1274 die
1784 1233 1907 1274 lunoe.

1101 1292 1184 1333 Ad
1200 1292 1400 1345 vesperas.
1445 1291 1656 1333 Omnibus
1675 1291 1780 1345 alijs
1789 1298 1902 1345 prce-

1105 1351 1299 1404 termissis
1340 1350 1613 1404 infrascrzptz·
1638 1349 1804 1403 psalmi
1842 1349 1908 1390 in-

1102 1408 1326 1462 cipiuntur
1343 1408 1537 1460 abfhlnte.
1574 1407 1792 1460 Psalmus.
1827 1406 1908 1447 Di·-

1103 1466 1194 1507 lexi
1245 1464 1487 1519 quoniam4.
1549 1465 1769 1518 Psalmns.
1829 1464 1906 1506 Ad
1948 1513 1950 1515 Υ

1103 1524 1334 1565 dominum
1357 1538 1457 1564 cum
1480 1523 1720 1564 tribularer.
1775 1522 1904 1575 Psal-

1103 1596 1211 1624 mzts.
1274 1582 1343 1622 De
1366 1581 1608 1635 profundis,
1670 1580 1908 1623 Canticum.

1103 1639 1377 1693 Magnificat.
1439 1639 1672 1680 Sciendum
1691 1639 1752 1693 est
1766 1644 1910 1679 autem

1102 1698 1218 1751 qnod
1254 1697 1302 1738 in
1352 1696 1482 1750 officio
1519 1697 1820 1750 defimbiorum
1862 1695 1910 1737 in

1092 1756 1188 1810 fine
1218 1754 1441 1807 cuiuslibet
1458 1754 1625 1808 psalmi
1648 1754 1732 1795 loco
1759 1753 1911 1796 Gloria

1105 1814 1220 1867 patri
1249 1813 1413 1854 dicitnr
1450 1813 1495 1854 V.
1531 1812 1751 1866 Requiem
1782 1817 1910 1852 aeter-

1105 1885 1209 1912 nam
1245 1870 1387 1911 ⁶dona
1423 1871 1486 1911 eis
1518 1868 1722 1911 domine⁵
1751 1870 1810 1911 R.
1849 1869 1909 1910 Et

1105 1929 1185 1970 lux
1219 1935 1434 1983 perpetua
1463 1928 1633 1969 ⁵luceat
1667 1926 1761 1968 eis⁵.
1820 1926 1910 1968 De-

1105 1987 1203 2028 inde
1217 1987 1370 2041 finitis
1383 1986 1609 2040 praedic‘iis
1627 1984 1813 2040 pfizlmis
1841 1984 1910 2026 di-

1104 2046 1221 2086 citnr
1241 2046 1371 2086 Pater
1399 2044 1542 2086 noster
1584 2043 1630 2086 V.
1654 2044 1714 2085 Et
1740 2050 1908 2084 nenos.

1104 2103 1162 2144 R.
1194 2102 1284 2144 Sed
1316 2102 1454 2143 libera
1485 2099 1586 2143 nos⁶
1628 2100 1674 2143 V.
1705 2101 1752 2142 A
1782 2106 1912 2154 porta

1105 2161 1242 2202 inseri.
1302 2161 1357 2202 R.
1388 2161 1506 2201 Erue
1535 2159 1716 2201 domine
1737 2158 1909 2200 animas

1105 2232 1268 2260 eorum.
1304 2218 1350 2260 V.
1369 2218 1562 2259 Domine
1580 2217 1756 2258 exaudi.
1777 2216 1833 2258 R.
1850 2217 1911 2257 Et

1106 2277 1274 2318 clamor
1304 2275 1461 2318 meus⁶.
1520 2275 1672 2330 Postea
1707 2274 1914 2315 dicuntur

1105 2342 1189 2376 tres
1236 2333 1527 2388 infrastriptce
1572 2332 1786 2374 orationes
1822 2331 1910 2385 snb

1105 2407 1192 2433 vna
1213 2392 1524 2433 terminatione.
1591 2390 1754 2432 Oratio.

1113 2485 1303 2567 DEus,
1356 2483 1431 2538 qui
1484 2482 1598 2524 inter
1646 2480 1910 2536 apostolicos

1219 2542 1464 2583 sacerdotes
1479 2540 1670 2582 famulos
1686 2546 1788 2580 tuos
1802 2553 1911 2593 pon-

1104 2599 1267 2650 tificali,
1285 2599 1356 2640 seu
1374 2598 1634 2640 sacerdotali
1656 2597 1791 2638 fecisti
1813 2596 1912 2651 dig-

1105 2658 1245 2699 nitate
1275 2658 1436 2711 vigere‚
1457 2655 1614 2710 praesta
1645 2654 1911 2709 quaesumus,

1104 2722 1152 2757 vt
1189 2728 1341 2756 eorum
1375 2727 1553 2768 quoque
1583 2719 1801 2768 perpetuo
1833 2725 1911 2766 ag—

1103 2779 1343 2827 gregentur
1363 2771 1595 2814 consortio.

1093 2880 1304 2925 sunt-folia
1322 2879 1362 2914 in
1387 2878 1522 2924 quibus
1533 2877 1701 2924 psalmos
1728 2886 1804 2921 114
1833 2886 1847 2912 1
1858 2885 1910 2922 19.

1110 2937 1186 2971 129.
1205 2931 1242 2961 et
1258 2926 1482 2970 Magnificat
1500 2925 1680 2960 invenies.

1177 2973 1192 3039 ⁵6
1215 2985 1284 3055 ZZZ,
1303 2972 1430 3055 xsed
1441 2973 1524 3008 add.
1544 2977 1612 3007 etc.
