<?xml version="1.0" encoding="UTF-8"?>
<!DOCTYPE html PUBLIC "-//W3C//DTD XHTML 1.0 Transitional//EN"
    "http://www.w3.org/TR/xhtml1/DTD/xhtml1-transitional.dtd">
<html xmlns="http://www.w3.org/1999/xhtml" xml:lang="en" lang="en">
 <head>
  <title>
</title>
<meta http-equiv="Content-Type" content="text/html;charset=utf-8" />
  <meta name='ocr-system' content='tesseract 3.04.00' />
  <meta name='ocr-capabilities' content='ocr_page ocr_carea ocr_par ocr_line ocrx_word'/>
</head>
<body>
  <div class='ocr_page' id='page_1' title='image "./breviariumromanu00quiuoft/breviariumromanu00quiuoft_0232.png"; bbox 0 0 2066 3392; ppageno 0'>
   <div class='ocr_carea' id='block_1_1' title="bbox 244 175 322 217">
    <p class='ocr_par' dir='ltr' id='par_1_1' title="bbox 244 175 322 217">
     <span class='ocr_line' id='line_1_1' title="bbox 244 175 322 217; baseline 0 -12"><span class='ocrx_word' id='word_1_1' title='bbox 244 175 322 217; x_wconf 91' lang='lat'>172</span> 
     </span>
    </p>
   </div>
   <div class='ocr_carea' id='block_1_2' title="bbox 238 253 1046 358">
    <p class='ocr_par' dir='ltr' id='par_1_2' title="bbox 238 253 1046 358">
     <span class='ocr_line' id='line_1_2' title="bbox 239 253 1046 312; baseline 0.007 -17"><span class='ocrx_word' id='word_1_2' title='bbox 239 253 413 296; x_wconf 62' lang='lat' dir='ltr'>sanetus</span> <span class='ocrx_word' id='word_1_3' title='bbox 454 256 663 298; x_wconf 87' lang='lat' dir='ltr'>Vrbanus</span> <span class='ocrx_word' id='word_1_4' title='bbox 713 257 921 312; x_wconf 85' lang='lat' dir='ltr'>sepeliuit.</span> <span class='ocrx_word' id='word_1_5' title='bbox 986 260 1046 301; x_wconf 91' lang='lat' dir='ltr'>Et</span> 
     </span>
     <span class='ocr_line' id='line_1_3' title="bbox 238 314 1045 358; baseline 0.007 -5"><span class='ocrx_word' id='word_1_6' title='bbox 238 314 423 354; x_wconf 89' lang='lat' dir='ltr'>domurn</span> <span class='ocrx_word' id='word_1_7' title='bbox 466 315 661 356; x_wconf 91' lang='lat' dir='ltr'>eiusdem</span> <span class='ocrx_word' id='word_1_8' title='bbox 701 316 925 358; x_wconf 82' lang='lat' dir='ltr'>ecclesiam</span> <span class='ocrx_word' id='word_1_9' title='bbox 968 331 1045 358; x_wconf 94' lang='lat' dir='ltr'>no-</span> 
     </span>
    </p>
   </div>
   <div class='ocr_carea' id='block_1_3' title="bbox 239 371 1045 471">
    <p class='ocr_par' dir='ltr' id='par_1_3' title="bbox 239 371 1045 471">
     <span class='ocr_line' id='line_1_4' title="bbox 240 371 1045 428; baseline 0.009 -18"><span class='ocrx_word' id='word_1_10' title='bbox 240 371 358 411; x_wconf 88' lang='lat' dir='ltr'>mine</span> <span class='ocrx_word' id='word_1_11' title='bbox 394 371 524 425; x_wconf 81' lang='lat' dir='ltr'>ipsius</span> <span class='ocrx_word' id='word_1_12' title='bbox 559 380 864 428; x_wconf 81' lang='lat' dir='ltr'>nuncupatam</span> <span class='ocrx_word' id='word_1_13' title='bbox 899 375 1045 416; x_wconf 92' lang='lat' dir='ltr'>conse-</span> 
     </span>
     <span class='ocr_line' id='line_1_5' title="bbox 239 430 389 471; baseline 0 -1"><span class='ocrx_word' id='word_1_14' title='bbox 239 430 389 471; x_wconf 88' lang='lat' dir='ltr'>crauit.</span> 
     </span>
    </p>
   </div>
   <div class='ocr_carea' id='block_1_4' title="bbox 566 521 730 566">
    <p class='ocr_par' dir='ltr' id='par_1_4' title="bbox 566 521 730 566">
     <span class='ocr_line' id='line_1_6' title="bbox 566 521 730 566; baseline 0.012 -2"><span class='ocrx_word' id='word_1_15' title='bbox 566 521 730 566; x_wconf 80' lang='lat' dir='ltr'><em>Oratio,</em></span> 
     </span>
    </p>
   </div>
   <div class='ocr_carea' id='block_1_5' title="bbox 237 596 1045 940">
    <p class='ocr_par' dir='ltr' id='par_1_5' title="bbox 246 596 1045 678">
     <span class='ocr_line' id='line_1_7' title="bbox 246 596 1045 678; baseline 0.008 -42"><span class='ocrx_word' id='word_1_16' title='bbox 246 596 438 678; x_wconf 87' lang='lat' dir='ltr'>DEus,</span> <span class='ocrx_word' id='word_1_17' title='bbox 474 598 548 651; x_wconf 88' lang='lat' dir='ltr'>qui</span> <span class='ocrx_word' id='word_1_18' title='bbox 592 612 672 639; x_wconf 90' lang='lat' dir='ltr'>nos</span> <span class='ocrx_word' id='word_1_19' title='bbox 714 613 861 641; x_wconf 85' lang='lat' dir='ltr'>annua</span> <span class='ocrx_word' id='word_1_20' title='bbox 901 600 1045 641; x_wconf 84' lang='lat' dir='ltr'>beatae</span> 
     </span>
    </p>

    <p class='ocr_par' dir='ltr' id='par_1_6' title="bbox 237 655 1044 940">
     <span class='ocr_line' id='line_1_8' title="bbox 362 655 1044 710; baseline 0.006 -15"><span class='ocrx_word' id='word_1_21' title='bbox 362 655 538 696; x_wconf 83' lang='lat' dir='ltr'>Ceciliae</span> <span class='ocrx_word' id='word_1_22' title='bbox 563 658 767 710; x_wconf 89' lang='lat' dir='ltr'>martyris</span> <span class='ocrx_word' id='word_1_23' title='bbox 795 664 885 698; x_wconf 85' lang='lat' dir='ltr'>tuae</span> <span class='ocrx_word' id='word_1_24' title='bbox 907 658 1044 699; x_wconf 92' lang='lat' dir='ltr'>solen-</span> 
     </span>
     <span class='ocr_line' id='line_1_9' title="bbox 239 712 1041 769; baseline 0.006 -17"><span class='ocrx_word' id='word_1_25' title='bbox 239 712 379 753; x_wconf 81' lang='lat' dir='ltr'>nitate</span> <span class='ocrx_word' id='word_1_26' title='bbox 421 713 621 754; x_wconf 80' lang='lat' dir='ltr'>laetificas</span> <span class='ocrx_word' id='word_1_27' title='bbox 663 730 671 755; x_wconf 92' lang='lat'><strong>:</strong></span> <span class='ocrx_word' id='word_1_28' title='bbox 713 716 783 764; x_wconf 94' lang='lat' dir='ltr'>da,</span> <span class='ocrx_word' id='word_1_29' title='bbox 824 722 872 757; x_wconf 92' lang='lat' dir='ltr'>vt</span> <span class='ocrx_word' id='word_1_30' title='bbox 909 730 1041 769; x_wconf 89' lang='lat' dir='ltr'>quam</span> 
     </span>
     <span class='ocr_line' id='line_1_10' title="bbox 237 772 1044 827; baseline 0.006 -17"><span class='ocrx_word' id='word_1_31' title='bbox 237 783 500 811; x_wconf 79' lang='lat' dir='ltr'>veneramur</span> <span class='ocrx_word' id='word_1_32' title='bbox 539 772 683 813; x_wconf 89' lang='lat' dir='ltr'>officio</span> <span class='ocrx_word' id='word_1_33' title='bbox 726 788 734 813; x_wconf 89' lang='lat'><strong>:</strong></span> <span class='ocrx_word' id='word_1_34' title='bbox 775 774 912 814; x_wconf 89' lang='lat' dir='ltr'>etiam</span> <span class='ocrx_word' id='word_1_35' title='bbox 958 775 1044 827; x_wconf 83' lang='lat' dir='ltr'>piae</span> 
     </span>
     <span class='ocr_line' id='line_1_11' title="bbox 238 828 1044 884; baseline 0.007 -17"><span class='ocrx_word' id='word_1_36' title='bbox 238 828 580 870; x_wconf 88' lang='lat' dir='ltr'>conuersationis</span> <span class='ocrx_word' id='word_1_37' title='bbox 622 830 855 884; x_wconf 90' lang='lat' dir='ltr'>sequamur</span> <span class='ocrx_word' id='word_1_38' title='bbox 891 845 1044 873; x_wconf 86' lang='lat' dir='ltr'>exem-</span> 
     </span>
     <span class='ocr_line' id='line_1_12' title="bbox 238 885 710 940; baseline 0.006 -14"><span class='ocrx_word' id='word_1_39' title='bbox 238 885 313 939; x_wconf 93' lang='lat' dir='ltr'>plo</span> <span class='ocrx_word' id='word_1_40' title='bbox 338 899 346 927; x_wconf 95' lang='lat'><strong>:</strong></span> <span class='ocrx_word' id='word_1_41' title='bbox 369 900 446 940; x_wconf 91' lang='lat' dir='ltr'>per</span> <span class='ocrx_word' id='word_1_42' title='bbox 467 887 710 929; x_wconf 92' lang='lat' dir='ltr'>dominum.</span> 
     </span>
    </p>
   </div>
   <div class='ocr_carea' id='block_1_6' title="bbox 344 1005 946 1062">
    <p class='ocr_par' dir='ltr' id='par_1_7' title="bbox 344 1005 946 1062">
     <span class='ocr_line' id='line_1_13' title="bbox 344 1005 946 1062; baseline 0.008 -16"><span class='ocrx_word' id='word_1_43' title='bbox 344 1007 388 1053; x_wconf 74' lang='lat' dir='ltr'>(I</span> <span class='ocrx_word' id='word_1_44' title='bbox 425 1005 616 1048; x_wconf 80' lang='lat' dir='ltr'>Clemens</span> <span class='ocrx_word' id='word_1_45' title='bbox 625 1014 745 1061; x_wconf 75' lang='lat' dir='ltr'>papa</span> <span class='ocrx_word' id='word_1_46' title='bbox 766 1015 946 1062; x_wconf 83' lang='lat' dir='ltr'>martyr.</span> 
     </span>
    </p>
   </div>
   <div class='ocr_carea' id='block_1_7' title="bbox 509 1097 775 1153">
    <p class='ocr_par' dir='ltr' id='par_1_8' title="bbox 509 1097 775 1153">
     <span class='ocr_line' id='line_1_14' title="bbox 509 1097 775 1153; baseline 0.008 -15"><span class='ocrx_word' id='word_1_47' title='bbox 509 1097 656 1139; x_wconf 53' lang='lat' dir='ltr'>Laelio</span> <span class='ocrx_word' id='word_1_48' title='bbox 678 1097 775 1153; x_wconf 79' lang='lat' dir='ltr'>‚z&#39;ij¹.</span> 
     </span>
    </p>
   </div>
   <div class='ocr_carea' id='block_1_8' title="bbox 232 1170 1044 2904">
    <p class='ocr_par' dir='ltr' id='par_1_9' title="bbox 240 1170 1044 1254">
     <span class='ocr_line' id='line_1_15' title="bbox 240 1170 1044 1254; baseline 0.005 -44"><span class='ocrx_word' id='word_1_49' title='bbox 240 1170 511 1254; x_wconf 81' lang='lat' dir='ltr'>CLemens</span> <span class='ocrx_word' id='word_1_50' title='bbox 557 1171 700 1224; x_wconf 89' lang='lat' dir='ltr'>patria</span> <span class='ocrx_word' id='word_1_51' title='bbox 742 1186 951 1214; x_wconf 89' lang='lat' dir='ltr'>romanus</span> <span class='ocrx_word' id='word_1_52' title='bbox 987 1173 1044 1214; x_wconf 91' lang='lat' dir='ltr'>de</span> 
     </span>
    </p>

    <p class='ocr_par' dir='ltr' id='par_1_10' title="bbox 232 1229 1044 2904">
     <span class='ocr_line' id='line_1_16' title="bbox 347 1229 1044 1284; baseline 0.006 -16"><span class='ocrx_word' id='word_1_53' title='bbox 347 1229 525 1282; x_wconf 86' lang='lat' dir='ltr'>regione</span> <span class='ocrx_word' id='word_1_54' title='bbox 552 1229 680 1282; x_wconf 91' lang='lat' dir='ltr'>Coelij</span> <span class='ocrx_word' id='word_1_55' title='bbox 714 1231 876 1271; x_wconf 91' lang='lat' dir='ltr'>montis</span> <span class='ocrx_word' id='word_1_56' title='bbox 906 1231 1044 1284; x_wconf 90' lang='lat' dir='ltr'>impe-</span> 
     </span>
     <span class='ocr_line' id='line_1_17' title="bbox 235 1287 1044 1343; baseline 0.004 -16"><span class='ocrx_word' id='word_1_57' title='bbox 235 1288 392 1327; x_wconf 89' lang='lat' dir='ltr'>ratoris</span> <span class='ocrx_word' id='word_1_58' title='bbox 423 1287 670 1328; x_wconf 87' lang='lat' dir='ltr'>Domitiani</span> <span class='ocrx_word' id='word_1_59' title='bbox 694 1293 894 1342; x_wconf 89' lang='lat' dir='ltr'>tempore</span> <span class='ocrx_word' id='word_1_60' title='bbox 917 1303 1044 1343; x_wconf 90' lang='lat' dir='ltr'>quar-</span> 
     </span>
     <span class='ocr_line' id='line_1_18' title="bbox 236 1344 1042 1398; baseline 0.004 -13"><span class='ocrx_word' id='word_1_61' title='bbox 236 1351 308 1386; x_wconf 89' lang='lat' dir='ltr'>tus</span> <span class='ocrx_word' id='word_1_62' title='bbox 334 1344 430 1398; x_wconf 89' lang='lat' dir='ltr'>post</span> <span class='ocrx_word' id='word_1_63' title='bbox 456 1346 634 1386; x_wconf 89' lang='lat' dir='ltr'>Petrum</span> <span class='ocrx_word' id='word_1_64' title='bbox 662 1346 879 1387; x_wconf 79' lang='lat' dir='ltr'>Romanae</span> <span class='ocrx_word' id='word_1_65' title='bbox 906 1346 1042 1388; x_wconf 91' lang='lat' dir='ltr'>eccle-</span> 
     </span>
     <span class='ocr_line' id='line_1_19' title="bbox 236 1402 1042 1458; baseline 0.004 -16"><span class='ocrx_word' id='word_1_66' title='bbox 236 1402 306 1443; x_wconf 82' lang='lat' dir='ltr'>s1ae</span> <span class='ocrx_word' id='word_1_67' title='bbox 328 1403 534 1456; x_wconf 83' lang='lat' dir='ltr'>pontifex</span> <span class='ocrx_word' id='word_1_68' title='bbox 556 1409 730 1444; x_wconf 88' lang='lat' dir='ltr'>creatus</span> <span class='ocrx_word' id='word_1_69' title='bbox 753 1403 824 1445; x_wconf 91' lang='lat' dir='ltr'>est.</span> <span class='ocrx_word' id='word_1_70' title='bbox 890 1404 1042 1458; x_wconf 77' lang='lat' dir='ltr'>Quan-</span> 
     </span>
     <span class='ocr_line' id='line_1_20' title="bbox 237 1461 1043 1514; baseline 0.004 -13"><span class='ocrx_word' id='word_1_71' title='bbox 237 1474 371 1514; x_wconf 84' lang='lat' dir='ltr'><strong>quam</strong></span> <span class='ocrx_word' id='word_1_72' title='bbox 424 1462 540 1501; x_wconf 89' lang='lat' dir='ltr'>enim</span> <span class='ocrx_word' id='word_1_73' title='bbox 595 1462 749 1502; x_wconf 89' lang='lat' dir='ltr'>Petrus</span> <span class='ocrx_word' id='word_1_74' title='bbox 799 1461 915 1503; x_wconf 91' lang='lat' dir='ltr'>hunc</span> <span class='ocrx_word' id='word_1_75' title='bbox 967 1463 1043 1504; x_wconf 83' lang='lat' dir='ltr'>fibi</span> 
     </span>
     <span class='ocr_line' id='line_1_21' title="bbox 235 1519 1042 1572; baseline 0.004 -14"><span class='ocrx_word' id='word_1_76' title='bbox 235 1519 493 1572; x_wconf 81' lang='lat' dir='ltr'>proximum</span> <span class='ocrx_word' id='word_1_77' title='bbox 529 1519 809 1560; x_wconf 71' lang='lat' dir='ltr'>successorem</span> <span class='ocrx_word' id='word_1_78' title='bbox 847 1521 931 1561; x_wconf 90' lang='lat' dir='ltr'>esse</span> <span class='ocrx_word' id='word_1_79' title='bbox 967 1535 1042 1561; x_wconf 92' lang='lat' dir='ltr'>vo-</span> 
     </span>
     <span class='ocr_line' id='line_1_22' title="bbox 236 1576 1042 1632; baseline 0.004 -16"><span class='ocrx_word' id='word_1_80' title='bbox 236 1576 389 1625; x_wconf 88' lang='lat' dir='ltr'>luisset,</span> <span class='ocrx_word' id='word_1_81' title='bbox 419 1577 508 1630; x_wconf 89' lang='lat' dir='ltr'>ipse</span> <span class='ocrx_word' id='word_1_82' title='bbox 536 1583 686 1617; x_wconf 88' lang='lat' dir='ltr'>tamen</span> <span class='ocrx_word' id='word_1_83' title='bbox 714 1577 812 1618; x_wconf 89' lang='lat' dir='ltr'>vsus</span> <span class='ocrx_word' id='word_1_84' title='bbox 839 1578 1042 1632; x_wconf 86' lang='lat' dir='ltr'>fingulari</span> 
     </span>
     <span class='ocr_line' id='line_1_23' title="bbox 235 1635 1042 1688; baseline 0.002 -13"><span class='ocrx_word' id='word_1_85' title='bbox 235 1635 429 1688; x_wconf 92' lang='lat' dir='ltr'>quadam</span> <span class='ocrx_word' id='word_1_86' title='bbox 452 1635 675 1684; x_wconf 90' lang='lat' dir='ltr'>modestia,</span> <span class='ocrx_word' id='word_1_87' title='bbox 692 1635 854 1676; x_wconf 85' lang='lat' dir='ltr'>Linum</span> <span class='ocrx_word' id='word_1_88' title='bbox 877 1642 920 1677; x_wconf 90' lang='lat' dir='ltr'>et</span> <span class='ocrx_word' id='word_1_89' title='bbox 945 1636 1042 1678; x_wconf 92' lang='lat' dir='ltr'>Cle-</span> 
     </span>
     <span class='ocr_line' id='line_1_24' title="bbox 234 1692 1042 1747; baseline 0.004 -15"><span class='ocrx_word' id='word_1_90' title='bbox 234 1698 331 1733; x_wconf 89' lang='lat' dir='ltr'>tum</span> <span class='ocrx_word' id='word_1_91' title='bbox 360 1692 513 1746; x_wconf 89' lang='lat' dir='ltr'>sponte</span> <span class='ocrx_word' id='word_1_92' title='bbox 542 1692 617 1733; x_wconf 86' lang='lat' dir='ltr'>fibi</span> <span class='ocrx_word' id='word_1_93' title='bbox 640 1693 684 1733; x_wconf 92' lang='lat' dir='ltr'>in</span> <span class='ocrx_word' id='word_1_94' title='bbox 707 1693 873 1734; x_wconf 89' lang='lat' dir='ltr'>honore</span> <span class='ocrx_word' id='word_1_95' title='bbox 895 1695 1042 1747; x_wconf 90' lang='lat' dir='ltr'>ponti-</span> 
     </span>
     <span class='ocr_line' id='line_1_25' title="bbox 236 1749 1043 1805; baseline 0.004 -15"><span class='ocrx_word' id='word_1_96' title='bbox 236 1749 337 1791; x_wconf 88' lang='lat' dir='ltr'>ficio</span> <span class='ocrx_word' id='word_1_97' title='bbox 369 1749 572 1804; x_wconf 82' lang='lat' dir='ltr'>praetulit.</span> <span class='ocrx_word' id='word_1_98' title='bbox 638 1751 727 1791; x_wconf 92' lang='lat' dir='ltr'>Hic</span> <span class='ocrx_word' id='word_1_99' title='bbox 759 1751 918 1805; x_wconf 77' lang='lat' dir='ltr'>scripsit</span> <span class='ocrx_word' id='word_1_100' title='bbox 952 1753 1043 1793; x_wconf 92' lang='lat' dir='ltr'>Ro-</span> 
     </span>
     <span class='ocr_line' id='line_1_26' title="bbox 236 1808 1042 1852; baseline 0.005 -4"><span class='ocrx_word' id='word_1_101' title='bbox 236 1822 381 1849; x_wconf 65' lang='lat' dir='ltr'>manae</span> <span class='ocrx_word' id='word_1_102' title='bbox 416 1808 604 1849; x_wconf 77' lang='lat' dir='ltr'>ecclefiae</span> <span class='ocrx_word' id='word_1_103' title='bbox 647 1809 826 1850; x_wconf 91' lang='lat' dir='ltr'>nomine</span> <span class='ocrx_word' id='word_1_104' title='bbox 862 1810 918 1850; x_wconf 85' lang='lat' dir='ltr'>ad</span> <span class='ocrx_word' id='word_1_105' title='bbox 958 1810 1042 1852; x_wconf 94' lang='lat' dir='ltr'>Co-</span> 
     </span>
     <span class='ocr_line' id='line_1_27' title="bbox 238 1866 1043 1920; baseline 0.004 -14"><span class='ocrx_word' id='word_1_106' title='bbox 238 1866 427 1907; x_wconf 90' lang='lat' dir='ltr'>rinthios</span> <span class='ocrx_word' id='word_1_107' title='bbox 507 1866 735 1920; x_wconf 89' lang='lat' dir='ltr'>epistolam</span> <span class='ocrx_word' id='word_1_108' title='bbox 797 1867 1043 1920; x_wconf 86' lang='lat' dir='ltr'>perutilem.</span> 
     </span>
     <span class='ocr_line' id='line_1_28' title="bbox 237 1924 1042 1978; baseline 0.001 -13"><span class='ocrx_word' id='word_1_109' title='bbox 237 1924 350 1966; x_wconf 88' lang='lat' dir='ltr'>Cum</span> <span class='ocrx_word' id='word_1_110' title='bbox 374 1930 522 1965; x_wconf 86' lang='lat' dir='ltr'>autem</span> <span class='ocrx_word' id='word_1_111' title='bbox 547 1925 725 1978; x_wconf 91' lang='lat' dir='ltr'>pietate,</span> <span class='ocrx_word' id='word_1_112' title='bbox 747 1925 969 1978; x_wconf 87' lang='lat' dir='ltr'>religione,</span> <span class='ocrx_word' id='word_1_113' title='bbox 992 1940 1042 1966; x_wconf 92' lang='lat' dir='ltr'>ac</span> 
     </span>
     <span class='ocr_line' id='line_1_29' title="bbox 236 1980 1042 2031; baseline 0.001 -8"><span class='ocrx_word' id='word_1_114' title='bbox 236 1980 451 2031; x_wconf 59' lang='lat' dir='ltr'>doctrina,</span> <span class='ocrx_word' id='word_1_115' title='bbox 468 1982 631 2023; x_wconf 89' lang='lat' dir='ltr'>multos</span> <span class='ocrx_word' id='word_1_116' title='bbox 654 1983 709 2022; x_wconf 88' lang='lat' dir='ltr'>ad</span> <span class='ocrx_word' id='word_1_117' title='bbox 734 1982 866 2024; x_wconf 89' lang='lat' dir='ltr'>fidem</span> <span class='ocrx_word' id='word_1_118' title='bbox 886 1983 1042 2025; x_wconf 90' lang='lat' dir='ltr'>Christi</span> 
     </span>
     <span class='ocr_line' id='line_1_30' title="bbox 236 2040 1041 2094; baseline 0.002 -14"><span class='ocrx_word' id='word_1_119' title='bbox 236 2040 436 2094; x_wconf 88' lang='lat' dir='ltr'>quotidie</span> <span class='ocrx_word' id='word_1_120' title='bbox 467 2041 756 2090; x_wconf 82' lang='lat' dir='ltr'>conuertisset,</span> <span class='ocrx_word' id='word_1_121' title='bbox 779 2041 886 2082; x_wconf 92' lang='lat' dir='ltr'>iussu</span> <span class='ocrx_word' id='word_1_122' title='bbox 917 2042 1041 2082; x_wconf 90' lang='lat' dir='ltr'>Trai-</span> 
     </span>
     <span class='ocr_line' id='line_1_31' title="bbox 235 2098 1042 2153; baseline 0.001 -14"><span class='ocrx_word' id='word_1_123' title='bbox 235 2098 307 2139; x_wconf 87' lang='lat' dir='ltr'>ani</span> <span class='ocrx_word' id='word_1_124' title='bbox 331 2098 618 2151; x_wconf 87' lang='lat' dir='ltr'>imperatoris,</span> <span class='ocrx_word' id='word_1_125' title='bbox 637 2099 680 2138; x_wconf 93' lang='lat' dir='ltr'>in</span> <span class='ocrx_word' id='word_1_126' title='bbox 698 2099 881 2140; x_wconf 91' lang='lat' dir='ltr'>insulam</span> <span class='ocrx_word' id='word_1_127' title='bbox 904 2113 1042 2153; x_wconf 87' lang='lat' dir='ltr'>quan-</span> 
     </span>
     <span class='ocr_line' id='line_1_32' title="bbox 234 2155 1042 2211; baseline 0.001 -14"><span class='ocrx_word' id='word_1_128' title='bbox 234 2157 339 2197; x_wconf 89' lang='lat' dir='ltr'>dam</span> <span class='ocrx_word' id='word_1_129' title='bbox 367 2155 551 2197; x_wconf 79' lang='lat' dir='ltr'>Graeciae</span> <span class='ocrx_word' id='word_1_130' title='bbox 577 2157 855 2198; x_wconf 86' lang='lat' dir='ltr'>adiacentem</span> <span class='ocrx_word' id='word_1_131' title='bbox 883 2158 1042 2211; x_wconf 91' lang='lat' dir='ltr'>depor-</span> 
     </span>
     <span class='ocr_line' id='line_1_33' title="bbox 234 2213 1042 2267; baseline 0.002 -13"><span class='ocrx_word' id='word_1_132' title='bbox 234 2220 354 2255; x_wconf 89' lang='lat' dir='ltr'>tatus</span> <span class='ocrx_word' id='word_1_133' title='bbox 397 2213 466 2255; x_wconf 92' lang='lat' dir='ltr'>est.</span> <span class='ocrx_word' id='word_1_134' title='bbox 551 2214 603 2254; x_wconf 92' lang='lat' dir='ltr'>In</span> <span class='ocrx_word' id='word_1_135' title='bbox 645 2228 732 2267; x_wconf 91' lang='lat' dir='ltr'>qua</span> <span class='ocrx_word' id='word_1_136' title='bbox 773 2215 862 2255; x_wconf 91' lang='lat' dir='ltr'>duo</span> <span class='ocrx_word' id='word_1_137' title='bbox 905 2216 1042 2257; x_wconf 89' lang='lat' dir='ltr'>millia</span> 
     </span>
     <span class='ocr_line' id='line_1_34' title="bbox 235 2271 1041 2314; baseline 0.004 -3"><span class='ocrx_word' id='word_1_138' title='bbox 235 2271 566 2312; x_wconf 89' lang='lat' dir='ltr'>christianorum</span> <span class='ocrx_word' id='word_1_139' title='bbox 608 2273 665 2313; x_wconf 88' lang='lat' dir='ltr'>ad</span> <span class='ocrx_word' id='word_1_140' title='bbox 709 2272 895 2314; x_wconf 88' lang='lat' dir='ltr'>secanda</span> <span class='ocrx_word' id='word_1_141' title='bbox 926 2287 1041 2314; x_wconf 90' lang='lat' dir='ltr'>mar—</span> 
     </span>
     <span class='ocr_line' id='line_1_35' title="bbox 236 2329 1040 2372; baseline 0.004 -3"><span class='ocrx_word' id='word_1_142' title='bbox 236 2343 359 2370; x_wconf 86' lang='lat' dir='ltr'>mora</span> <span class='ocrx_word' id='word_1_143' title='bbox 374 2329 686 2370; x_wconf 89' lang='lat' dir='ltr'>damnatorum</span> <span class='ocrx_word' id='word_1_144' title='bbox 703 2331 880 2371; x_wconf 90' lang='lat' dir='ltr'>inuenit.</span> <span class='ocrx_word' id='word_1_145' title='bbox 907 2331 1040 2372; x_wconf 88' lang='lat' dir='ltr'>Cum-</span> 
     </span>
     <span class='ocr_line' id='line_1_36' title="bbox 235 2387 1039 2441; baseline 0.004 -14"><span class='ocrx_word' id='word_1_146' title='bbox 235 2401 321 2440; x_wconf 89' lang='lat' dir='ltr'>que</span> <span class='ocrx_word' id='word_1_147' title='bbox 354 2387 413 2428; x_wconf 92' lang='lat' dir='ltr'>ibi</span> <span class='ocrx_word' id='word_1_148' title='bbox 446 2401 573 2441; x_wconf 81' lang='lat' dir='ltr'>aquae</span> <span class='ocrx_word' id='word_1_149' title='bbox 606 2388 789 2441; x_wconf 87' lang='lat' dir='ltr'>penuria</span> <span class='ocrx_word' id='word_1_150' title='bbox 820 2388 1039 2430; x_wconf 85' lang='lat' dir='ltr'>laborare-</span> 
     </span>
     <span class='ocr_line' id='line_1_37' title="bbox 235 2443 1039 2500; baseline 0.002 -14"><span class='ocrx_word' id='word_1_151' title='bbox 235 2451 318 2494; x_wconf 86' lang='lat' dir='ltr'>tur,</span> <span class='ocrx_word' id='word_1_152' title='bbox 340 2443 366 2485; x_wconf 75' lang='grc' dir='ltr'>ὲ.</span> <span class='ocrx_word' id='word_1_153' title='bbox 392 2445 517 2485; x_wconf 86' lang='lat' dir='ltr'>sexto</span> <span class='ocrx_word' id='word_1_154' title='bbox 547 2446 664 2486; x_wconf 91' lang='lat' dir='ltr'>enim</span> <span class='ocrx_word' id='word_1_155' title='bbox 688 2446 894 2487; x_wconf 89' lang='lat' dir='ltr'>milliario</span> <span class='ocrx_word' id='word_1_156' title='bbox 916 2453 1039 2500; x_wconf 92' lang='lat' dir='ltr'>pete-</span> 
     </span>
     <span class='ocr_line' id='line_1_38' title="bbox 234 2500 1039 2558; baseline 0.002 -15"><span class='ocrx_word' id='word_1_157' title='bbox 234 2503 375 2552; x_wconf 87' lang='lat' dir='ltr'>batur,</span> <span class='ocrx_word' id='word_1_158' title='bbox 387 2502 593 2544; x_wconf 85' lang='lat' dir='ltr'>Clemens</span> <span class='ocrx_word' id='word_1_159' title='bbox 602 2503 760 2544; x_wconf 89' lang='lat' dir='ltr'>collem</span> <span class='ocrx_word' id='word_1_160' title='bbox 773 2500 893 2544; x_wconf 87' lang='lat' dir='ltr'>haud</span> <span class='ocrx_word' id='word_1_161' title='bbox 908 2505 1039 2558; x_wconf 91' lang='lat' dir='ltr'>longe</span> 
     </span>
     <span class='ocr_line' id='line_1_39' title="bbox 234 2560 1039 2615; baseline 0.004 -15"><span class='ocrx_word' id='word_1_162' title='bbox 234 2560 422 2613; x_wconf 87' lang='lat' dir='ltr'>pofitum</span> <span class='ocrx_word' id='word_1_163' title='bbox 454 2561 767 2611; x_wconf 88' lang='lat' dir='ltr'>conscendens,</span> <span class='ocrx_word' id='word_1_164' title='bbox 789 2575 955 2615; x_wconf 89' lang='lat' dir='ltr'>agnum</span> <span class='ocrx_word' id='word_1_165' title='bbox 977 2564 1039 2603; x_wconf 91' lang='lat' dir='ltr'>vi-</span> 
     </span>
     <span class='ocr_line' id='line_1_40' title="bbox 233 2618 1039 2672; baseline 0.004 -14"><span class='ocrx_word' id='word_1_166' title='bbox 233 2619 299 2659; x_wconf 90' lang='lat' dir='ltr'>dit</span> <span class='ocrx_word' id='word_1_167' title='bbox 331 2618 407 2659; x_wconf 89' lang='lat' dir='ltr'>sub</span> <span class='ocrx_word' id='word_1_168' title='bbox 439 2618 561 2659; x_wconf 87' lang='lat' dir='ltr'>cuius</span> <span class='ocrx_word' id='word_1_169' title='bbox 594 2620 754 2660; x_wconf 87' lang='lat' dir='ltr'>dextro</span> <span class='ocrx_word' id='word_1_170' title='bbox 791 2621 905 2672; x_wconf 91' lang='lat' dir='ltr'>pede</span> <span class='ocrx_word' id='word_1_171' title='bbox 941 2620 1039 2661; x_wconf 85' lang='lat' dir='ltr'>sons</span> 
     </span>
     <span class='ocr_line' id='line_1_41' title="bbox 234 2675 1039 2729; baseline 0.004 -13"><span class='ocrx_word' id='word_1_172' title='bbox 234 2689 364 2729; x_wconf 84' lang='lat' dir='ltr'>aquae</span> <span class='ocrx_word' id='word_1_173' title='bbox 392 2675 533 2716; x_wconf 89' lang='lat' dir='ltr'>dulcis</span> <span class='ocrx_word' id='word_1_174' title='bbox 567 2690 747 2717; x_wconf 91' lang='lat' dir='ltr'>munere</span> <span class='ocrx_word' id='word_1_175' title='bbox 775 2678 927 2718; x_wconf 91' lang='lat' dir='ltr'>diuino</span> <span class='ocrx_word' id='word_1_176' title='bbox 954 2678 1039 2719; x_wconf 86' lang='lat' dir='ltr'>sca-</span> 
     </span>
     <span class='ocr_line' id='line_1_42' title="bbox 232 2733 1039 2787; baseline 0.002 -13"><span class='ocrx_word' id='word_1_177' title='bbox 232 2734 435 2775; x_wconf 89' lang='lat' dir='ltr'>turiebat.</span> <span class='ocrx_word' id='word_1_178' title='bbox 498 2733 599 2787; x_wconf 78' lang='lat' dir='ltr'>Qua</span> <span class='ocrx_word' id='word_1_179' title='bbox 621 2735 803 2775; x_wconf 90' lang='lat' dir='ltr'>recreati</span> <span class='ocrx_word' id='word_1_180' title='bbox 827 2735 923 2776; x_wconf 89' lang='lat' dir='ltr'>sunt</span> <span class='ocrx_word' id='word_1_181' title='bbox 945 2749 1039 2776; x_wconf 89' lang='lat' dir='ltr'>om-</span> 
     </span>
     <span class='ocr_line' id='line_1_43' title="bbox 233 2791 1038 2839; baseline 0.004 -8"><span class='ocrx_word' id='word_1_182' title='bbox 233 2805 323 2839; x_wconf 88' lang='lat' dir='ltr'>nes,</span> <span class='ocrx_word' id='word_1_183' title='bbox 366 2797 410 2832; x_wconf 91' lang='lat' dir='ltr'>et</span> <span class='ocrx_word' id='word_1_184' title='bbox 451 2791 578 2832; x_wconf 90' lang='lat' dir='ltr'>multi</span> <span class='ocrx_word' id='word_1_185' title='bbox 621 2793 677 2833; x_wconf 89' lang='lat' dir='ltr'>ad</span> <span class='ocrx_word' id='word_1_186' title='bbox 715 2792 849 2833; x_wconf 87' lang='lat' dir='ltr'>fidem</span> <span class='ocrx_word' id='word_1_187' title='bbox 881 2793 1038 2835; x_wconf 89' lang='lat' dir='ltr'>Christi</span> 
     </span>
     <span class='ocr_line' id='line_1_44' title="bbox 233 2849 1038 2904; baseline 0.005 -15"><span class='ocrx_word' id='word_1_188' title='bbox 233 2849 438 2891; x_wconf 80' lang='lat' dir='ltr'>conuersl.</span> <span class='ocrx_word' id='word_1_189' title='bbox 483 2849 572 2891; x_wconf 86' lang='lat' dir='ltr'>Sed</span> <span class='ocrx_word' id='word_1_190' title='bbox 587 2849 671 2891; x_wconf 91' lang='lat' dir='ltr'>hoc</span> <span class='ocrx_word' id='word_1_191' title='bbox 687 2851 827 2904; x_wconf 82' lang='lat' dir='ltr'>magis</span> <span class='ocrx_word' id='word_1_192' title='bbox 845 2850 1038 2893; x_wconf 87' lang='lat' dir='ltr'>irritatus</span> 
     </span>
    </p>
   </div>
   <div class='ocr_carea' id='block_1_9' title="bbox 303 2951 613 3041">
    <p class='ocr_par' dir='ltr' id='par_1_11' title="bbox 303 2951 613 3041">
     <span class='ocr_line' id='line_1_45' title="bbox 303 2951 612 2995; baseline 0 -10"><span class='ocrx_word' id='word_1_193' title='bbox 303 2952 315 2972; x_wconf 84' lang='lat'>¹</span> <span class='ocrx_word' id='word_1_194' title='bbox 342 2951 403 2986; x_wconf 88' lang='lat' dir='ltr'>die</span> <span class='ocrx_word' id='word_1_195' title='bbox 421 2961 487 2995; x_wconf 85' lang='lat'>.23.</span> <span class='ocrx_word' id='word_1_196' title='bbox 506 2952 548 2985; x_wconf 79' lang='lat' dir='ltr'>in</span> <span class='ocrx_word' id='word_1_197' title='bbox 566 2963 612 2986; x_wconf 84' lang='lat' dir='ltr'>m.</span> 
     </span>
     <span class='ocr_line' id='line_1_46' title="bbox 303 2996 613 3041; baseline 0 -9"><span class='ocrx_word' id='word_1_198' title='bbox 303 2996 317 3019; x_wconf 86' lang='lat'><em>²</em></span> <span class='ocrx_word' id='word_1_199' title='bbox 342 2998 402 3033; x_wconf 91' lang='lat' dir='ltr'>die</span> <span class='ocrx_word' id='word_1_200' title='bbox 421 3008 486 3041; x_wconf 77' lang='lat'>‚24</span> <span class='ocrx_word' id='word_1_201' title='bbox 506 2999 547 3032; x_wconf 72' lang='lat' dir='ltr'>in</span> <span class='ocrx_word' id='word_1_202' title='bbox 566 3010 613 3032; x_wconf 82' lang='lat' dir='ltr'>m.</span> 
     </span>
    </p>
   </div>
   <div class='ocr_carea' id='block_1_10' title="bbox 913 183 1210 216">
    <p class='ocr_par' dir='ltr' id='par_1_12' title="bbox 913 183 1210 216">
     <span class='ocr_line' id='line_1_47' title="bbox 913 183 1210 216; baseline 0.003 -1"><span class='ocrx_word' id='word_1_203' title='bbox 913 183 982 215; x_wconf 86' lang='grc' dir='ltr'>ΝΟ</span> <span class='ocrx_word' id='word_1_204' title='bbox 992 183 1210 216; x_wconf 87' lang='lat' dir='ltr'><em>VEMBER.</em></span> 
     </span>
    </p>
   </div>
   <div class='ocr_carea' id='block_1_11' title="bbox 1114 259 1920 835">
    <p class='ocr_par' dir='ltr' id='par_1_13' title="bbox 1114 259 1920 835">
     <span class='ocr_line' id='line_1_48' title="bbox 1119 259 1919 315; baseline 0.003 -15"><span class='ocrx_word' id='word_1_205' title='bbox 1119 259 1337 301; x_wconf 84' lang='lat' dir='ltr'>Traianus</span> <span class='ocrx_word' id='word_1_206' title='bbox 1380 260 1503 311; x_wconf 86' lang='lat' dir='ltr'>mifit,</span> <span class='ocrx_word' id='word_1_207' title='bbox 1536 261 1610 315; x_wconf 90' lang='lat' dir='ltr'>qui</span> <span class='ocrx_word' id='word_1_208' title='bbox 1644 260 1919 303; x_wconf 88' lang='lat' dir='ltr'>Clementem</span> 
     </span>
     <span class='ocr_line' id='line_1_49' title="bbox 1117 318 1920 372; baseline 0.002 -14"><span class='ocrx_word' id='word_1_209' title='bbox 1117 318 1161 358; x_wconf 90' lang='lat' dir='ltr'>in</span> <span class='ocrx_word' id='word_1_210' title='bbox 1195 331 1316 359; x_wconf 91' lang='lat' dir='ltr'>mare</span> <span class='ocrx_word' id='word_1_211' title='bbox 1348 318 1531 372; x_wconf 88' lang='lat' dir='ltr'>alligata</span> <span class='ocrx_word' id='word_1_212' title='bbox 1562 320 1619 360; x_wconf 91' lang='lat' dir='ltr'>ad</span> <span class='ocrx_word' id='word_1_213' title='bbox 1651 319 1815 360; x_wconf 91' lang='lat' dir='ltr'>collum</span> <span class='ocrx_word' id='word_1_214' title='bbox 1844 332 1920 360; x_wconf 89' lang='lat' dir='ltr'>an-</span> 
     </span>
     <span class='ocr_line' id='line_1_50' title="bbox 1115 375 1920 431; baseline 0.004 -16"><span class='ocrx_word' id='word_1_215' title='bbox 1115 375 1250 416; x_wconf 86' lang='lat' dir='ltr'>chora</span> <span class='ocrx_word' id='word_1_216' title='bbox 1306 376 1555 429; x_wconf 87' lang='lat' dir='ltr'>deijcerent.</span> <span class='ocrx_word' id='word_1_217' title='bbox 1644 376 1745 431; x_wconf 81' lang='lat' dir='ltr'>Quo</span> <span class='ocrx_word' id='word_1_218' title='bbox 1801 375 1920 418; x_wconf 65' lang='lat' dir='ltr'>faeto</span> 
     </span>
     <span class='ocr_line' id='line_1_51' title="bbox 1116 431 1919 488; baseline 0.002 -15"><span class='ocrx_word' id='word_1_219' title='bbox 1116 431 1424 475; x_wconf 59' lang='lat' dir='ltr'>sanftisfimum</span> <span class='ocrx_word' id='word_1_220' title='bbox 1481 449 1640 488; x_wconf 89' lang='lat' dir='ltr'>corpus</span> <span class='ocrx_word' id='word_1_221' title='bbox 1705 448 1795 475; x_wconf 90' lang='lat' dir='ltr'>non</span> <span class='ocrx_word' id='word_1_222' title='bbox 1858 434 1919 475; x_wconf 90' lang='lat' dir='ltr'>ita</span> 
     </span>
     <span class='ocr_line' id='line_1_52' title="bbox 1116 491 1919 545; baseline 0.001 -13"><span class='ocrx_word' id='word_1_223' title='bbox 1116 491 1258 532; x_wconf 92' lang='lat' dir='ltr'>multo</span> <span class='ocrx_word' id='word_1_224' title='bbox 1281 492 1375 545; x_wconf 90' lang='lat' dir='ltr'>post</span> <span class='ocrx_word' id='word_1_225' title='bbox 1398 493 1454 533; x_wconf 87' lang='lat' dir='ltr'>ad</span> <span class='ocrx_word' id='word_1_226' title='bbox 1478 493 1600 534; x_wconf 89' lang='lat' dir='ltr'>littus</span> <span class='ocrx_word' id='word_1_227' title='bbox 1618 491 1814 533; x_wconf 89' lang='lat' dir='ltr'>delatum</span> <span class='ocrx_word' id='word_1_228' title='bbox 1832 491 1919 533; x_wconf 89' lang='lat' dir='ltr'>est:</span> 
     </span>
     <span class='ocr_line' id='line_1_53' title="bbox 1115 547 1920 604; baseline 0 -14"><span class='ocrx_word' id='word_1_229' title='bbox 1115 555 1160 590; x_wconf 91' lang='lat' dir='ltr'>et</span> <span class='ocrx_word' id='word_1_230' title='bbox 1223 550 1387 591; x_wconf 89' lang='lat' dir='ltr'>ibidem</span> <span class='ocrx_word' id='word_1_231' title='bbox 1447 551 1663 604; x_wconf 89' lang='lat' dir='ltr'>sepultum</span> <span class='ocrx_word' id='word_1_232' title='bbox 1716 547 1920 591; x_wconf 71' lang='lat' dir='ltr'>extructo</span> 
     </span>
     <span class='ocr_line' id='line_1_54' title="bbox 1115 607 1919 661; baseline 0.001 -14"><span class='ocrx_word' id='word_1_233' title='bbox 1115 607 1299 661; x_wconf 90' lang='lat' dir='ltr'>templo,</span> <span class='ocrx_word' id='word_1_234' title='bbox 1320 608 1393 649; x_wconf 92' lang='lat' dir='ltr'>vbi</span> <span class='ocrx_word' id='word_1_235' title='bbox 1426 608 1523 649; x_wconf 88' lang='lat' dir='ltr'>fons</span> <span class='ocrx_word' id='word_1_236' title='bbox 1556 609 1768 649; x_wconf 89' lang='lat' dir='ltr'>diuinitus</span> <span class='ocrx_word' id='word_1_237' title='bbox 1800 621 1919 648; x_wconf 90' lang='lat' dir='ltr'>erna-</span> 
     </span>
     <span class='ocr_line' id='line_1_55' title="bbox 1115 665 1918 708; baseline 0.001 -3"><span class='ocrx_word' id='word_1_238' title='bbox 1115 672 1298 706; x_wconf 89' lang='lat' dir='ltr'>nauerat</span> <span class='ocrx_word' id='word_1_239' title='bbox 1320 667 1394 706; x_wconf 86' lang='lat' dir='ltr'>.ix.</span> <span class='ocrx_word' id='word_1_240' title='bbox 1418 666 1626 707; x_wconf 87' lang='lat' dir='ltr'>calendas</span> <span class='ocrx_word' id='word_1_241' title='bbox 1657 665 1918 708; x_wconf 89' lang='lat' dir='ltr'>Decembris</span> 
     </span>
     <span class='ocr_line' id='line_1_56' title="bbox 1115 723 1917 776; baseline 0.002 -14"><span class='ocrx_word' id='word_1_242' title='bbox 1115 736 1233 763; x_wconf 89' lang='lat' dir='ltr'>anno</span> <span class='ocrx_word' id='word_1_243' title='bbox 1254 723 1322 776; x_wconf 88' lang='lat' dir='ltr'>.iij.</span> <span class='ocrx_word' id='word_1_244' title='bbox 1356 724 1548 766; x_wconf 85' lang='lat' dir='ltr'>Traiani.</span> <span class='ocrx_word' id='word_1_245' title='bbox 1610 724 1738 766; x_wconf 87' lang='lat' dir='ltr'>Sedit</span> <span class='ocrx_word' id='word_1_246' title='bbox 1768 730 1917 764; x_wconf 91' lang='lat' dir='ltr'>autem</span> 
     </span>
     <span class='ocr_line' id='line_1_57' title="bbox 1114 781 1812 835; baseline 0.003 -14"><span class='ocrx_word' id='word_1_247' title='bbox 1114 794 1255 822; x_wconf 86' lang='lat' dir='ltr'>annos</span> <span class='ocrx_word' id='word_1_248' title='bbox 1278 782 1350 823; x_wconf 84' lang='lat' dir='ltr'>.ix.</span> <span class='ocrx_word' id='word_1_249' title='bbox 1373 782 1542 823; x_wconf 89' lang='lat' dir='ltr'>menses</span> <span class='ocrx_word' id='word_1_250' title='bbox 1564 781 1616 835; x_wconf 90' lang='lat' dir='ltr'>.ij.</span> <span class='ocrx_word' id='word_1_251' title='bbox 1640 783 1735 823; x_wconf 92' lang='lat' dir='ltr'>dies</span> <span class='ocrx_word' id='word_1_252' title='bbox 1757 796 1812 824; x_wconf 84' lang='lat' dir='ltr'>.X.</span> 
     </span>
    </p>
   </div>
   <div class='ocr_carea' id='block_1_12' title="bbox 1437 866 1599 908">
    <p class='ocr_par' dir='ltr' id='par_1_14' title="bbox 1437 866 1599 908">
     <span class='ocr_line' id='line_1_58' title="bbox 1437 866 1599 908; baseline 0 0"><span class='ocrx_word' id='word_1_253' title='bbox 1437 866 1599 908; x_wconf 81' lang='lat' dir='ltr'>Oratio.</span> 
     </span>
    </p>
   </div>
   <div class='ocr_carea' id='block_1_13' title="bbox 1113 939 1920 1169">
    <p class='ocr_par' dir='ltr' id='par_1_15' title="bbox 1123 939 1919 1021">
     <span class='ocr_line' id='line_1_59' title="bbox 1123 939 1919 1021; baseline 0.003 -41"><span class='ocrx_word' id='word_1_254' title='bbox 1123 939 1312 1021; x_wconf 87' lang='lat' dir='ltr'>DEus,</span> <span class='ocrx_word' id='word_1_255' title='bbox 1364 941 1438 995; x_wconf 92' lang='lat' dir='ltr'>qui</span> <span class='ocrx_word' id='word_1_256' title='bbox 1490 955 1571 982; x_wconf 89' lang='lat' dir='ltr'>nos</span> <span class='ocrx_word' id='word_1_257' title='bbox 1611 955 1760 982; x_wconf 90' lang='lat' dir='ltr'>annua</span> <span class='ocrx_word' id='word_1_258' title='bbox 1800 941 1919 982; x_wconf 89' lang='lat' dir='ltr'>beati</span> 
     </span>
    </p>

    <p class='ocr_par' dir='ltr' id='par_1_16' title="bbox 1113 998 1920 1169">
     <span class='ocr_line' id='line_1_60' title="bbox 1223 998 1920 1053; baseline 0.001 -15"><span class='ocrx_word' id='word_1_259' title='bbox 1223 998 1467 1040; x_wconf 89' lang='lat' dir='ltr'>Clementis</span> <span class='ocrx_word' id='word_1_260' title='bbox 1481 1000 1687 1052; x_wconf 90' lang='lat' dir='ltr'>martyris</span> <span class='ocrx_word' id='word_1_261' title='bbox 1701 999 1920 1053; x_wconf 88' lang='lat' dir='ltr'>tui,atque</span> 
     </span>
     <span class='ocr_line' id='line_1_61' title="bbox 1114 1056 1920 1109; baseline 0.004 -14"><span class='ocrx_word' id='word_1_262' title='bbox 1114 1056 1335 1109; x_wconf 88' lang='lat' dir='ltr'>pontificis</span> <span class='ocrx_word' id='word_1_263' title='bbox 1372 1057 1631 1098; x_wconf 84' lang='lat' dir='ltr'>solennitate</span> <span class='ocrx_word' id='word_1_264' title='bbox 1667 1056 1866 1098; x_wconf 83' lang='lat' dir='ltr'>laetificas</span> <span class='ocrx_word' id='word_1_265' title='bbox 1911 1072 1920 1098; x_wconf 73' lang='grc' dir='ltr'>ε</span> 
     </span>
     <span class='ocr_line' id='line_1_62' title="bbox 1113 1114 1919 1169; baseline 0.002 -15"><span class='ocrx_word' id='word_1_266' title='bbox 1113 1114 1308 1155; x_wconf 90' lang='lat' dir='ltr'>concede</span> <span class='ocrx_word' id='word_1_267' title='bbox 1330 1116 1557 1169; x_wconf 77' lang='lat' dir='ltr'>propitiuS,</span> <span class='ocrx_word' id='word_1_268' title='bbox 1581 1121 1628 1156; x_wconf 84' lang='lat' dir='ltr'>vt</span> <span class='ocrx_word' id='word_1_269' title='bbox 1649 1115 1772 1156; x_wconf 90' lang='lat' dir='ltr'>cuius</span> <span class='ocrx_word' id='word_1_270' title='bbox 1794 1121 1919 1156; x_wconf 86' lang='lat' dir='ltr'>nata-</span> 
     </span>
    </p>
   </div>
   <div class='ocr_carea' id='block_1_14' title="bbox 1099 1171 1919 1227">
    <p class='ocr_par' dir='ltr' id='par_1_17' title="bbox 1099 1171 1919 1227">
     <span class='ocr_line' id='line_1_63' title="bbox 1099 1171 1919 1227; baseline 0.002 -15"><span class='ocrx_word' id='word_1_271' title='bbox 1099 1171 1207 1218; x_wconf 66' lang='lat' dir='ltr'>‚litia</span> <span class='ocrx_word' id='word_1_272' title='bbox 1238 1173 1425 1213; x_wconf 92' lang='lat' dir='ltr'>colimus</span> <span class='ocrx_word' id='word_1_273' title='bbox 1457 1188 1467 1214; x_wconf 89' lang='lat'><strong>:</strong></span> <span class='ocrx_word' id='word_1_274' title='bbox 1501 1174 1709 1214; x_wconf 86' lang='lat' dir='ltr'>virtutem</span> <span class='ocrx_word' id='word_1_275' title='bbox 1741 1186 1919 1227; x_wconf 92' lang='lat' dir='ltr'>quoque</span> 
     </span>
    </p>
   </div>
   <div class='ocr_carea' id='block_1_15' title="bbox 1113 1231 1703 1285">
    <p class='ocr_par' dir='ltr' id='par_1_18' title="bbox 1113 1231 1703 1285">
     <span class='ocr_line' id='line_1_64' title="bbox 1113 1231 1703 1285; baseline 0.005 -15"><span class='ocrx_word' id='word_1_276' title='bbox 1113 1231 1316 1284; x_wconf 81' lang='lat' dir='ltr'>passionis</span> <span class='ocrx_word' id='word_1_277' title='bbox 1339 1231 1564 1272; x_wconf 89' lang='lat' dir='ltr'>imitemur</span> <span class='ocrx_word' id='word_1_278' title='bbox 1585 1247 1593 1272; x_wconf 91' lang='lat'>:</span> <span class='ocrx_word' id='word_1_279' title='bbox 1614 1245 1703 1285; x_wconf 86' lang='lat' dir='ltr'>per.</span> 
     </span>
    </p>
   </div>
   <div class='ocr_carea' id='block_1_16' title="bbox 1235 1347 1801 1403">
    <p class='ocr_par' dir='ltr' id='par_1_19' title="bbox 1235 1347 1801 1403">
     <span class='ocr_line' id='line_1_65' title="bbox 1235 1347 1801 1403; baseline -0.002 -12"><span class='ocrx_word' id='word_1_280' title='bbox 1235 1351 1279 1396; x_wconf 74' lang='lat' dir='ltr'>(I</span> <span class='ocrx_word' id='word_1_281' title='bbox 1307 1347 1601 1403; x_wconf 60' lang='lat' dir='ltr'>Chrysogonus</span> <span class='ocrx_word' id='word_1_282' title='bbox 1621 1354 1801 1402; x_wconf 81' lang='lat' dir='ltr'>martyr.</span> 
     </span>
    </p>
   </div>
   <div class='ocr_carea' id='block_1_17' title="bbox 1386 1439 1649 1494">
    <p class='ocr_par' dir='ltr' id='par_1_20' title="bbox 1386 1439 1649 1494">
     <span class='ocr_line' id='line_1_66' title="bbox 1386 1439 1649 1494; baseline 0.004 -13"><span class='ocrx_word' id='word_1_283' title='bbox 1386 1440 1532 1481; x_wconf 64' lang='lat' dir='ltr'>LeHz&#39;o</span> <span class='ocrx_word' id='word_1_284' title='bbox 1554 1439 1649 1494; x_wconf 59' lang='grc' dir='ltr'>,τ’ᾔῖ</span> 
     </span>
    </p>
   </div>
   <div class='ocr_carea' id='block_1_18' title="bbox 1109 1514 1918 2903">
    <p class='ocr_par' dir='ltr' id='par_1_21' title="bbox 1119 1514 1916 1600">
     <span class='ocr_line' id='line_1_67' title="bbox 1119 1514 1916 1600; baseline -0.001 -43"><span class='ocrx_word' id='word_1_285' title='bbox 1119 1516 1493 1600; x_wconf 80' lang='lat' dir='ltr'>CHrysogonus</span> <span class='ocrx_word' id='word_1_286' title='bbox 1537 1515 1803 1557; x_wconf 90' lang='lat' dir='ltr'>Diocletiani</span> <span class='ocrx_word' id='word_1_287' title='bbox 1835 1514 1916 1556; x_wconf 91' lang='lat' dir='ltr'>im-</span> 
     </span>
    </p>

    <p class='ocr_par' dir='ltr' id='par_1_22' title="bbox 1109 1574 1918 2903">
     <span class='ocr_line' id='line_1_68' title="bbox 1248 1574 1918 1628; baseline -0.001 -13"><span class='ocrx_word' id='word_1_288' title='bbox 1248 1575 1459 1628; x_wconf 90' lang='lat' dir='ltr'>peratoris</span> <span class='ocrx_word' id='word_1_289' title='bbox 1520 1574 1627 1614; x_wconf 90' lang='lat' dir='ltr'>iussu</span> <span class='ocrx_word' id='word_1_290' title='bbox 1683 1579 1918 1627; x_wconf 86' lang='lat' dir='ltr'>propterea</span> 
     </span>
     <span class='ocr_line' id='line_1_69' title="bbox 1112 1631 1916 1686; baseline 0 -14"><span class='ocrx_word' id='word_1_291' title='bbox 1112 1633 1232 1686; x_wconf 93' lang='lat' dir='ltr'>quod</span> <span class='ocrx_word' id='word_1_292' title='bbox 1260 1633 1364 1674; x_wconf 92' lang='lat' dir='ltr'>esset</span> <span class='ocrx_word' id='word_1_293' title='bbox 1391 1631 1648 1673; x_wconf 87' lang='lat' dir='ltr'>christianus</span> <span class='ocrx_word' id='word_1_294' title='bbox 1670 1645 1805 1672; x_wconf 86' lang='lat' dir='ltr'>romae</span> <span class='ocrx_word' id='word_1_295' title='bbox 1828 1631 1916 1672; x_wconf 89' lang='lat' dir='ltr'>iam</span> 
     </span>
     <span class='ocr_line' id='line_1_70' title="bbox 1112 1689 1918 1743; baseline -0.002 -12"><span class='ocrx_word' id='word_1_296' title='bbox 1112 1691 1338 1731; x_wconf 88' lang='lat' dir='ltr'>biennium</span> <span class='ocrx_word' id='word_1_297' title='bbox 1389 1690 1572 1731; x_wconf 89' lang='lat' dir='ltr'>vinculis</span> <span class='ocrx_word' id='word_1_298' title='bbox 1623 1689 1918 1743; x_wconf 85' lang='lat' dir='ltr'>premebatur,</span> 
     </span>
     <span class='ocr_line' id='line_1_71' title="bbox 1113 1747 1916 1801; baseline -0.001 -12"><span class='ocrx_word' id='word_1_299' title='bbox 1113 1747 1276 1790; x_wconf 70' lang='lat' dir='ltr'>san&amp;a³</span> <span class='ocrx_word' id='word_1_300' title='bbox 1306 1748 1536 1789; x_wconf 79' lang='lat' dir='ltr'>Anastafia</span> <span class='ocrx_word' id='word_1_301' title='bbox 1577 1748 1652 1801; x_wconf 84' lang='lat' dir='ltr'>ipfi</span> <span class='ocrx_word' id='word_1_302' title='bbox 1689 1754 1733 1788; x_wconf 93' lang='lat' dir='ltr'>et</span> <span class='ocrx_word' id='word_1_303' title='bbox 1765 1747 1916 1788; x_wconf 90' lang='lat' dir='ltr'>multis</span> 
     </span>
     <span class='ocr_line' id='line_1_72' title="bbox 1113 1804 1916 1860; baseline -0.001 -13"><span class='ocrx_word' id='word_1_304' title='bbox 1113 1806 1212 1860; x_wconf 89' lang='lat' dir='ltr'>alijs</span> <span class='ocrx_word' id='word_1_305' title='bbox 1263 1806 1504 1848; x_wconf 88' lang='lat' dir='ltr'>christianis</span> <span class='ocrx_word' id='word_1_306' title='bbox 1555 1806 1768 1846; x_wconf 87' lang='lat' dir='ltr'>alimenta</span> <span class='ocrx_word' id='word_1_307' title='bbox 1820 1804 1916 1858; x_wconf 89' lang='lat' dir='ltr'>sug-</span> 
     </span>
     <span class='ocr_line' id='line_1_73' title="bbox 1111 1863 1917 1918; baseline -0.002 -13"><span class='ocrx_word' id='word_1_308' title='bbox 1111 1871 1304 1918; x_wconf 86' lang='lat' dir='ltr'>gerente,</span> <span class='ocrx_word' id='word_1_309' title='bbox 1348 1865 1460 1906; x_wconf 91' lang='lat' dir='ltr'>Cum</span> <span class='ocrx_word' id='word_1_310' title='bbox 1509 1863 1816 1905; x_wconf 90' lang='lat' dir='ltr'>Diocletianus</span> <span class='ocrx_word' id='word_1_311' title='bbox 1857 1877 1917 1904; x_wconf 88' lang='lat' dir='ltr'>ex</span> 
     </span>
     <span class='ocr_line' id='line_1_74' title="bbox 1112 1921 1917 1976; baseline 0 -14"><span class='ocrx_word' id='word_1_312' title='bbox 1112 1922 1323 1976; x_wconf 87' lang='lat' dir='ltr'>Aquileia</span> <span class='ocrx_word' id='word_1_313' title='bbox 1354 1923 1547 1963; x_wconf 90' lang='lat' dir='ltr'>Romam</span> <span class='ocrx_word' id='word_1_314' title='bbox 1571 1921 1741 1975; x_wconf 83' lang='lat' dir='ltr'>scripsit,</span> <span class='ocrx_word' id='word_1_315' title='bbox 1763 1927 1812 1962; x_wconf 91' lang='lat' dir='ltr'>vt</span> <span class='ocrx_word' id='word_1_316' title='bbox 1833 1934 1917 1962; x_wconf 88' lang='lat' dir='ltr'>cae-</span> 
     </span>
     <span class='ocr_line' id='line_1_75' title="bbox 1113 1977 1915 2033; baseline -0.001 -12"><span class='ocrx_word' id='word_1_317' title='bbox 1113 1981 1216 2021; x_wconf 91' lang='lat' dir='ltr'>teris</span> <span class='ocrx_word' id='word_1_318' title='bbox 1245 1980 1498 2030; x_wconf 89' lang='lat' dir='ltr'>christianis,</span> <span class='ocrx_word' id='word_1_319' title='bbox 1522 1980 1596 2033; x_wconf 93' lang='lat' dir='ltr'>qui</span> <span class='ocrx_word' id='word_1_320' title='bbox 1617 1977 1754 2021; x_wconf 61' lang='lat' dir='ltr'>vineti</span> <span class='ocrx_word' id='word_1_321' title='bbox 1776 1978 1915 2020; x_wconf 92' lang='lat' dir='ltr'>custo-</span> 
     </span>
     <span class='ocr_line' id='line_1_76' title="bbox 1113 2037 1915 2091; baseline -0.002 -12"><span class='ocrx_word' id='word_1_322' title='bbox 1113 2039 1349 2080; x_wconf 90' lang='lat' dir='ltr'>diebantur</span> <span class='ocrx_word' id='word_1_323' title='bbox 1389 2037 1642 2087; x_wconf 64' lang='lat' dir='ltr'>interfeEtis,</span> <span class='ocrx_word' id='word_1_324' title='bbox 1684 2037 1915 2091; x_wconf 89' lang='lat' dir='ltr'>Chrisogo-</span> 
     </span>
     <span class='ocr_line' id='line_1_77' title="bbox 1112 2094 1916 2148; baseline -0.001 -11"><span class='ocrx_word' id='word_1_325' title='bbox 1112 2110 1194 2138; x_wconf 89' lang='lat' dir='ltr'>nus</span> <span class='ocrx_word' id='word_1_326' title='bbox 1231 2098 1287 2137; x_wconf 89' lang='lat' dir='ltr'>ad</span> <span class='ocrx_word' id='word_1_327' title='bbox 1325 2096 1367 2137; x_wconf 90' lang='lat' dir='ltr'>se</span> <span class='ocrx_word' id='word_1_328' title='bbox 1403 2096 1710 2137; x_wconf 88' lang='lat' dir='ltr'>remitteretur.</span> <span class='ocrx_word' id='word_1_329' title='bbox 1772 2094 1916 2148; x_wconf 88' lang='lat' dir='ltr'>Aqui-</span> 
     </span>
     <span class='ocr_line' id='line_1_78' title="bbox 1113 2152 1916 2208; baseline -0.002 -13"><span class='ocrx_word' id='word_1_330' title='bbox 1113 2154 1243 2195; x_wconf 90' lang='lat' dir='ltr'>leiam</span> <span class='ocrx_word' id='word_1_331' title='bbox 1267 2155 1400 2208; x_wconf 88' lang='lat' dir='ltr'>igitur</span> <span class='ocrx_word' id='word_1_332' title='bbox 1420 2153 1595 2195; x_wconf 89' lang='lat' dir='ltr'>delatus</span> <span class='ocrx_word' id='word_1_333' title='bbox 1622 2152 1782 2195; x_wconf 86' lang='lat' dir='ltr'>Caesari</span> <span class='ocrx_word' id='word_1_334' title='bbox 1803 2167 1916 2207; x_wconf 84' lang='lat' dir='ltr'>prae-</span> 
     </span>
     <span class='ocr_line' id='line_1_79' title="bbox 1112 2211 1914 2265; baseline -0.004 -11"><span class='ocrx_word' id='word_1_335' title='bbox 1112 2211 1301 2254; x_wconf 69' lang='lat' dir='ltr'>fe&amp;uras</span> <span class='ocrx_word' id='word_1_336' title='bbox 1333 2217 1377 2253; x_wconf 87' lang='lat' dir='ltr'>et</span> <span class='ocrx_word' id='word_1_337' title='bbox 1409 2225 1594 2265; x_wconf 90' lang='lat' dir='ltr'>magnos</span> <span class='ocrx_word' id='word_1_338' title='bbox 1620 2211 1810 2252; x_wconf 88' lang='lat' dir='ltr'>honores</span> <span class='ocrx_word' id='word_1_339' title='bbox 1838 2211 1914 2252; x_wconf 86' lang='lat' dir='ltr'>fibi</span> 
     </span>
     <span class='ocr_line' id='line_1_80' title="bbox 1111 2269 1915 2323; baseline -0.004 -11"><span class='ocrx_word' id='word_1_340' title='bbox 1111 2271 1139 2311; x_wconf 91' lang='lat' dir='ltr'>sl</span> <span class='ocrx_word' id='word_1_341' title='bbox 1181 2272 1288 2312; x_wconf 92' lang='lat' dir='ltr'>deos</span> <span class='ocrx_word' id='word_1_342' title='bbox 1323 2271 1527 2311; x_wconf 90' lang='lat' dir='ltr'>adoraret</span> <span class='ocrx_word' id='word_1_343' title='bbox 1568 2269 1807 2323; x_wconf 90' lang='lat' dir='ltr'>pollicenti,</span> <span class='ocrx_word' id='word_1_344' title='bbox 1850 2282 1915 2310; x_wconf 90' lang='lat' dir='ltr'>re-</span> 
     </span>
     <span class='ocr_line' id='line_1_81' title="bbox 1110 2326 1916 2382; baseline -0.002 -13"><span class='ocrx_word' id='word_1_345' title='bbox 1110 2329 1296 2382; x_wconf 90' lang='lat' dir='ltr'>spondit,</span> <span class='ocrx_word' id='word_1_346' title='bbox 1317 2328 1467 2370; x_wconf 91' lang='lat' dir='ltr'>Vnum</span> <span class='ocrx_word' id='word_1_347' title='bbox 1485 2328 1617 2368; x_wconf 93' lang='lat' dir='ltr'>deum</span> <span class='ocrx_word' id='word_1_348' title='bbox 1641 2333 1789 2368; x_wconf 88' lang='lat' dir='ltr'>mente</span> <span class='ocrx_word' id='word_1_349' title='bbox 1805 2326 1916 2378; x_wconf 85' lang='lat' dir='ltr'>colo,</span> 
     </span>
     <span class='ocr_line' id='line_1_82' title="bbox 1110 2385 1913 2436; baseline -0.001 -9"><span class='ocrx_word' id='word_1_350' title='bbox 1110 2400 1304 2436; x_wconf 89' lang='lat' dir='ltr'>veneror,</span> <span class='ocrx_word' id='word_1_351' title='bbox 1348 2392 1392 2427; x_wconf 92' lang='lat' dir='ltr'>et</span> <span class='ocrx_word' id='word_1_352' title='bbox 1428 2386 1576 2434; x_wconf 90' lang='lat' dir='ltr'>adoro,</span> <span class='ocrx_word' id='word_1_353' title='bbox 1616 2385 1694 2426; x_wconf 91' lang='lat' dir='ltr'>ista</span> <span class='ocrx_word' id='word_1_354' title='bbox 1729 2385 1913 2426; x_wconf 90' lang='lat' dir='ltr'>deorum</span> 
     </span>
     <span class='ocr_line' id='line_1_83' title="bbox 1110 2442 1912 2496; baseline -0.002 -11"><span class='ocrx_word' id='word_1_355' title='bbox 1110 2444 1380 2493; x_wconf 83' lang='lat' dir='ltr'>fimulachra‚</span> <span class='ocrx_word' id='word_1_356' title='bbox 1430 2449 1644 2496; x_wconf 84' lang='lat' dir='ltr'>tanquam</span> <span class='ocrx_word' id='word_1_357' title='bbox 1696 2442 1912 2484; x_wconf 87' lang='lat' dir='ltr'>malorum</span> 
     </span>
     <span class='ocr_line' id='line_1_84' title="bbox 1110 2500 1914 2551; baseline -0.002 -8"><span class='ocrx_word' id='word_1_358' title='bbox 1110 2503 1366 2543; x_wconf 83' lang='lat' dir='ltr'>daemonum</span> <span class='ocrx_word' id='word_1_359' title='bbox 1389 2501 1510 2543; x_wconf 85' lang='lat' dir='ltr'>sedes</span> <span class='ocrx_word' id='word_1_360' title='bbox 1531 2514 1724 2551; x_wconf 86' lang='lat' dir='ltr'>execror,</span> <span class='ocrx_word' id='word_1_361' title='bbox 1743 2506 1788 2542; x_wconf 94' lang='lat' dir='ltr'>et</span> <span class='ocrx_word' id='word_1_362' title='bbox 1808 2500 1914 2541; x_wconf 85' lang='lat' dir='ltr'>abo-</span> 
     </span>
     <span class='ocr_line' id='line_1_85' title="bbox 1110 2558 1912 2613; baseline 0 -13"><span class='ocrx_word' id='word_1_363' title='bbox 1110 2561 1264 2601; x_wconf 90' lang='lat' dir='ltr'>minor.</span> <span class='ocrx_word' id='word_1_364' title='bbox 1325 2559 1453 2600; x_wconf 91' lang='lat' dir='ltr'>Tunc</span> <span class='ocrx_word' id='word_1_365' title='bbox 1487 2559 1763 2613; x_wconf 88' lang='lat' dir='ltr'>imperatoris</span> <span class='ocrx_word' id='word_1_366' title='bbox 1804 2558 1912 2600; x_wconf 89' lang='lat' dir='ltr'>iussu</span> 
     </span>
     <span class='ocr_line' id='line_1_86' title="bbox 1109 2615 1910 2670; baseline -0.002 -11"><span class='ocrx_word' id='word_1_367' title='bbox 1109 2618 1167 2659; x_wconf 93' lang='lat' dir='ltr'>ad</span> <span class='ocrx_word' id='word_1_368' title='bbox 1190 2618 1349 2667; x_wconf 89' lang='lat' dir='ltr'>locum,</span> <span class='ocrx_word' id='word_1_369' title='bbox 1371 2618 1440 2658; x_wconf 89' lang='lat' dir='ltr'>cui</span> <span class='ocrx_word' id='word_1_370' title='bbox 1463 2630 1624 2657; x_wconf 92' lang='lat' dir='ltr'>nomen</span> <span class='ocrx_word' id='word_1_371' title='bbox 1648 2622 1741 2657; x_wconf 87' lang='lat' dir='ltr'>erat</span> <span class='ocrx_word' id='word_1_372' title='bbox 1761 2615 1910 2670; x_wconf 90' lang='lat' dir='ltr'>Aquae</span> 
     </span>
     <span class='ocr_line' id='line_1_87' title="bbox 1109 2672 1912 2730; baseline -0.002 -14"><span class='ocrx_word' id='word_1_373' title='bbox 1109 2676 1321 2730; x_wconf 85' lang='lat' dir='ltr'>gradatae,</span> <span class='ocrx_word' id='word_1_374' title='bbox 1353 2672 1543 2724; x_wconf 49' lang='lat' dir='ltr'>(inausa</span> <span class='ocrx_word' id='word_1_375' title='bbox 1568 2675 1732 2715; x_wconf 91' lang='lat' dir='ltr'>ibidem</span> <span class='ocrx_word' id='word_1_376' title='bbox 1764 2673 1912 2715; x_wconf 89' lang='lat' dir='ltr'>decol-</span> 
     </span>
     <span class='ocr_line' id='line_1_88' title="bbox 1110 2731 1911 2786; baseline -0.004 -11"><span class='ocrx_word' id='word_1_377' title='bbox 1110 2735 1226 2775; x_wconf 91' lang='lat' dir='ltr'>latus</span> <span class='ocrx_word' id='word_1_378' title='bbox 1243 2733 1303 2774; x_wconf 88' lang='lat' dir='ltr'>est</span> <span class='ocrx_word' id='word_1_379' title='bbox 1320 2733 1406 2786; x_wconf 81' lang='lat' dir='ltr'>,viij</span> <span class='ocrx_word' id='word_1_380' title='bbox 1426 2732 1633 2774; x_wconf 89' lang='lat' dir='ltr'>calendas</span> <span class='ocrx_word' id='word_1_381' title='bbox 1652 2731 1911 2773; x_wconf 90' lang='lat' dir='ltr'>Decembris</span> 
     </span>
     <span class='ocr_line' id='line_1_89' title="bbox 1110 2787 1910 2845; baseline -0.005 -12"><span class='ocrx_word' id='word_1_382' title='bbox 1110 2792 1246 2834; x_wconf 90' lang='lat' dir='ltr'>Cuius</span> <span class='ocrx_word' id='word_1_383' title='bbox 1268 2805 1427 2845; x_wconf 91' lang='lat' dir='ltr'>corpus</span> <span class='ocrx_word' id='word_1_384' title='bbox 1449 2791 1492 2831; x_wconf 91' lang='lat' dir='ltr'>in</span> <span class='ocrx_word' id='word_1_385' title='bbox 1516 2803 1636 2830; x_wconf 87' lang='lat' dir='ltr'>mare</span> <span class='ocrx_word' id='word_1_386' title='bbox 1653 2787 1910 2844; x_wconf 72' lang='lat' dir='ltr'>proie&amp;um,</span> 
     </span>
     <span class='ocr_line' id='line_1_90' title="bbox 1109 2847 1909 2903; baseline -0.005 -12"><span class='ocrx_word' id='word_1_387' title='bbox 1109 2856 1153 2891; x_wconf 90' lang='lat' dir='ltr'>et</span> <span class='ocrx_word' id='word_1_388' title='bbox 1179 2849 1329 2903; x_wconf 91' lang='lat' dir='ltr'>postea</span> <span class='ocrx_word' id='word_1_389' title='bbox 1354 2849 1397 2889; x_wconf 92' lang='lat' dir='ltr'>in</span> <span class='ocrx_word' id='word_1_390' title='bbox 1428 2848 1692 2902; x_wconf 77' lang='lat' dir='ltr'>possessione,</span> <span class='ocrx_word' id='word_1_391' title='bbox 1716 2861 1815 2900; x_wconf 85' lang='lat' dir='ltr'>quae</span> <span class='ocrx_word' id='word_1_392' title='bbox 1846 2847 1909 2888; x_wconf 90' lang='lat' dir='ltr'>di-</span> 
     </span>
    </p>
   </div>
   <div class='ocr_carea' id='block_1_19' title="bbox 1178 2949 1472 3034">
    <p class='ocr_par' dir='ltr' id='par_1_23' title="bbox 1178 2949 1472 3034">
     <span class='ocr_line' id='line_1_91' title="bbox 1178 2949 1472 2986; baseline -0.003 0"><span class='ocrx_word' id='word_1_393' title='bbox 1178 2950 1192 2973; x_wconf 81' lang='lat'>3</span> <span class='ocrx_word' id='word_1_394' title='bbox 1218 2949 1384 2986; x_wconf 59' lang='lat' dir='ltr'>sanetam</span> <span class='ocrx_word' id='word_1_395' title='bbox 1405 2963 1411 2985; x_wconf 96' lang='lat'>:</span> <span class='ocrx_word' id='word_1_396' title='bbox 1429 2951 1472 2985; x_wconf 87' lang='lat' dir='ltr'>A.</span> 
     </span>
     <span class='ocr_line' id='line_1_92' title="bbox 1179 2997 1443 3034; baseline -0.004 -1"><span class='ocrx_word' id='word_1_397' title='bbox 1179 2998 1192 3020; x_wconf 75' lang='lat'>4</span> <span class='ocrx_word' id='word_1_398' title='bbox 1218 2997 1351 3034; x_wconf 65' lang='lat' dir='ltr'>doftus</span> <span class='ocrx_word' id='word_1_399' title='bbox 1376 2998 1443 3033; x_wconf 88' lang='lat' dir='ltr'>:A.</span> 
     </span>
    </p>
   </div>
  </div>
 </body>
</html>
