2066 3392
900 235 1012 276 xxiii

188 359 391 417 psalmus,
429 359 632 402 Miserere
670 358 787 408 mei¹,
825 365 1121 414 praeterquam
1160 360 1202 400 in
1241 359 1357 401 sestis
1399 358 1643 402 sanEtorum
1687 361 1730 401 in

188 430 348 484 quibus
369 429 529 471 dicitur
549 429 684 470 etiam
707 434 824 478 tune,
847 427 913 469 Te
935 427 1070 469 deum
1094 428 1338 470 laudamus

826 545 909 587 Ad
933 545 1092 587 laudes.

274 637 320 684 {I
354 634 477 676 Deus
509 634 553 675 in
584 632 866 684 adiutorium,
891 633 1053 675 deinde
1084 632 1195 674 terni
1228 631 1382 687 psalmi
1414 645 1514 673 curn
1547 632 1731 681 cantico,

190 699 465 750 BenediStus,
488 701 608 756 quod
631 701 852 742 canticum
875 700 997 742 nullo
1019 701 1091 742 die
1113 700 1477 754 praetermittitur.
1538 699 1733 740 Domine

188 771 363 812 exaudi.
386 777 466 812 etc.
529 771 685 814 Oratio
708 770 988 820 conueniens,
1013 769 1248 820 Postremo,
1270 769 1344 811 nisi
1372 776 1515 811 totum
1539 768 1732 811 officium

188 839 405 881 tribuatur
439 839 582 880 beatae
613 838 783 892 virgini,
815 838 865 880 fit
902 839 958 880 de
995 838 1085 893 ipsa
1122 839 1500 887 commemoratio,
1533 838 1639 879 item
1676 838 1732 878 de

188 907 394 962 apostolis
425 913 469 949 et
500 908 706 949 omnibus
738 905 905 948 sanctis
971 907 1291 948 Benedicamus
1323 907 1518 956 domino,
1551 895 1602 947 et*
1627 906 1733 947 fide-

189 976 294 1018 lium
317 976 477 1018 animae
499 974 596 1019 etc.²

806 1076 846 1117 A
855 1076 890 1116 d
905 1077 1116 1131 primam.

275 1165 321 1212 (I
365 1164 495 1205 Pater
535 1162 679 1204 noster
719 1161 816 1205 etc?
870 1163 1010 1204 .Deus
1052 1164 1095 1204 in
1138 1163 1405 1203 adiutorium
1447 1161 1569 1203 ⁴cum
1613 1162 1733 1215 signo

190 1230 359 1275 crucis‘.
433 1233 643 1287 Hymnus
684 1232 929 1274 consuetus.
1003 1233 1136 1274 Terni
1178 1232 1344 1287 psalmi,
1385 1232 1540 1273 diebus
1582 1238 1732 1273 autem

189 1301 421 1342 dominicis
469 1301 650 1342 additur
696 1299 956 1355 symbolum,
1004 1300 1271 1355 Quicunque
1318 1299 1442 1350 vult‘',
1484 1300 1582 1342 aliis
1629 1313 1734 1342 vero

190 1369 449 1424 symbolum,
478 1371 623 1414 Credo
652 1371 694 1411 in
724 1371 870 1419 deum,
900 1370 1096 1412 Domine
1124 1370 1300 1420 exaudi,
1331 1370 1487 1413 Oratio
1516 1370 1733 1412 consueta.

193 1439 512 1481 Benedicamus
534 1441 729 1489 domino,
751 1446 795 1480 et
821 1439 1038 1481 Fidelium
1062 1440 1233 1481 animae.

279 1528 324 1575 (1
354 1523 437 1565 Ad
464 1524 648 1574 tertiam,
681 1525 872 1575 Senam,
899 1531 941 1566 et
966 1524 1142 1566 Nonam
1177 1525 1334 1566 eodem
1367 1525 1503 1566 modo
1532 1525 1734 1579 exceptis

192 1591 409 1646 symbolis,
431 1598 475 1633 et
497 1592 656 1633 dicitur
679 1594 831 1642 oratio,
853 1607 953 1647 quae
975 1591 1094 1634 dieta
1118 1593 1245 1634 fuerit
1267 1594 1323 1635 ad
1347 1593 1508 1635 laudes.

765 1710 805 1750 A
814 1709 847 1749 d
875 1709 1095 1763 vesperam.

278 1796 323 1843 (I
369 1794 499 1836 Pater
541 1794 685 1836 noster
727 1793 824 1836 etc.⁶
895 1796 1018 1836 Deus
1067 1795 1108 1836 in
1152 1796 1419 1837 adiutorium
1465 1810 1565 1837 cum
1615 1795 1736 1849 signo

193 1862 359 1906 crucis⁶.
438 1864 661 1917 Hymnus.
744 1864 902 1906 Psalmi
955 1866 1078 1908 terni.
1161 1865 1410 1916 Canticum,
1462 1866 1735 1920 Magnificat‚

193 1933 312 1986 quod
344 1932 464 1974 nullo
495 1933 566 1974 die
597 1933 959 1987 praetermittitur.
1022 1933 1190 1986 Oratio,
1213 1941 1256 1975 et
1289 1935 1735 1976 commemorationes

192 2007 238 2042 vt
259 2002 315 2043 ad
338 2003 619 2044 matutinum.

744 2120 783 2160 A
793 2121 827 2161 d
852 2121 1118 2175 completoria
1124 2136 1177 2163 m.

279 2205 324 2251 (I
354 2201 506 2245 'Pater
534 2202 707 2245 noster⁷.
778 2204 1001 2246 conuerte
1030 2218 1110 2245 nos
1138 2205 1247 2246 deus
1275 2203 1396 2246 “curn
1427 2204 1545 2258 signo
1567 2202 1736 2245 crucis⁸.

198 2269 320 2312 Deus
341 2270 384 2312 in
406 2269 706 2313 adiutorium⁹.
767 2271 992 2326 Hymnus,
1013 2272 1079 2314 Te
1102 2271 1254 2314 lucis¹⁰.
1310 2272 1466 2314 Psalmi
1488 2272 1613 2322 terni,
1634 2286 1734 2313 cum

194 2339 377 2390 cantico,
411 2341 542 2382 Nunc
579 2340 780 2388 dimittis,
818 2341 937 2393 quod
975 2341 1109 2382 etiarn
1150 2341 1311 2383 dicitur
1352 2341 1528 2395 singulis
1569 2340 1735 2381 diebus,

197 2407 363 2452 Oratio.
423 2410 575 2459 Visita,
604 2409 740 2451 Salue
772 2411 933 2463 regina.
964 2411 1117 2460 oratio,
1147 2411 1446 2466 Omnipotens
1475 2411 1735 2464 sempiterne

194 2475 316 2518 deus.
376 2477 490 2532 Quae
532 2478 684 2519 omnia
727 2477 977 2531 supradicta
1019 2479 1149 2521 latius
1190 2480 1472 2534 explicantur
1514 2480 1555 2519 in
1594 2480 1735 2533 prima

195 2545 417 2588 dominica
444 2548 674 2589 aduentus.

282 2633 326 2680 ΙΙ
359 2632 600 2675 Discrimen
631 2634 763 2687 igitur
791 2634 904 2675 inter
933 2635 1038 2676 illud
1068 2650 1157 2690 quo
1186 2634 1399 2678 haetenus
1424 2635 1480 2676 vsi
1512 2634 1669 2684 sumus,
1691 2642 1735 2677 et

197 2697 278 2740 hoc
306 2701 567 2744 breuiarium
597 2703 668 2750 est,
693 2703 810 2756 quod
841 2705 880 2743 in
907 2704 991 2753 illo,
1014 2719 1268 2761 quanquam
1293 2705 1514 2746 veteribus
1537 2706 1735 2758 patribus

245 2817 255 2838 ¹
284 2819 384 2854 Deus
405 2820 512 2856 :aciat
532 2821 575 2855 A.
1045 2824 1055 2845 ⁷
1076 2822 1106 2844 '⁷
1131 2836 1199 2858 om.
1223 2824 1263 2857 R.
1286 2824 1327 2857 Λ.

244 2864 258 2887 ¹
281 2871 350 2901 etc.
371 2878 379 2901 :
397 2878 466 2902 om.
486 2869 527 2902 Α.
1044 2869 1057 2891 ³
1093 2870 1106 2893 ⁸
1132 2871 1232 2907 omit.
1260 2872 1302 2905 R.
1323 2871 1365 2905 A.
1418 2870 1584 2904 salutaris
1617 2881 1623 2903 :
1650 2869 1733 2903 add.

243 2910 615 2996 i-‹iugnggofimds
633 2926 639 2949 :
657 2914 751 2949 ΚΑ.
998 2917 1058 2986 Α.θ
1235 2977 1241 2984 ι
1285 2965 1339 2999 dd
1367 2965 1397 2998 Α

243 3003 258 3025 ⁵
281 2986 400 3042 saluus·
417 2987 488 3043 esse
511 2988 619 3044 {add
638 3009 682 3044 A.
1045 3010 1073 3033 ¹⁰
1084 2976 1408 3047 rgssilffierirninum·
1426 3023 1432 3045 :
1454 3010 1537 3045 add.
1559 3011 1601 3045 Λ.

244 3050 259 3071 ⁶
283 3053 452 3099 'utsupra
472 3055 514 3089 R.
535 3057 578 3091 Α.

316 3131 353 3164 B.
377 3133 420 3166 N.
1600 3141 1618 3167 ί.
