2066 3392
507 204 622 238 OFFI
621 204 673 237 cl
678 204 751 236 VM
776 203 876 236 ΒΕΑ
887 201 966 234 TAE
997 201 1184 234 MARJAE
1219 202 1450 235 VIRGINIS.

200 282 270 325 Sit
322 281 435 324 salus
487 281 560 332 illi,
610 282 757 330 decus,
808 286 944 333 atque

139 340 279 382 virtus
308 356 317 381 ε
346 339 435 394 Qui
466 340 594 393 supra
624 338 724 381 coeli
756 338 944 379 relidens

141 411 365 448 cacumen,
401 398 560 439 Totius
592 396 746 438 mundi
779 394 945 437 machi-

142 469 247 497 nam
278 456 499 510 gubernat
534 455 697 496 Trinus
737 459 783 495 et
821 466 945 495 vnus,

141 513 304 556 Amen.

259 656 303 703 (Ι
343 651 574 695 Commune
603 649 839 704 virginum.

145 748 191 794 (Ι
223 744 307 786 Ad
330 744 608 786 matutinum.
631 741 947 784 innitatorium.

203 831 376 885 Regem
433 829 655 884 virginum
716 829 948 873 dominum

144 890 293 932 venite
314 888 561 930 adoremus.

204 997 411 1052 Hymnus
439 998 504 1040 ad
530 998 796 1040 matutinum
826 1003 867 1038 et
894 997 958 1038 ad

142 1057 342 1111 vesperas.

148 1144 400 1228 VIrginis
422 1143 567 1198 proles
595 1141 838 1196 opifexque
861 1155 953 1182 ma—

265 1203 355 1252 tris,
386 1202 510 1255 virgo
545 1213 678 1254 quem
709 1199 845 1254 geffit,
878 1213 953 1252 pe-

146 1260 350 1315 peritque
391 1260 527 1313 virgo,
559 1258 756 1312 Virginis
797 1256 950 1298 festum

147 1318 347 1360 canimus
377 1317 627 1371 trophaeum
665 1315 837 1370 Accipe
877 1329 953 1356 vo-

147 1382 255 1417 tum.

209 1434 323 1475 Haec
352 1439 430 1475 tua
460 1433 584 1487 virgo
616 1430 780 1486 duplici
823 1431 953 1472 beata

149 1491 280 1535 Sorte
294 1492 400 1533 dum
418 1491 546 1545 gestit
556 1489 755 1544 fragilem
771 1489 953 1530 domare

149 1549 358 1604 Corporis
386 1549 553 1596 sexum,
583 1548 756 1589 domuit
789 1547 954 1589 Cruen-

148 1614 244 1650 tum
267 1607 463 1662 Corpore
485 1605 656 1648 seclum.

206 1666 337 1708 Vnde
363 1679 443 1707 nec
472 1670 672 1711 mortem,
697 1677 777 1704 nec
809 1663 953 1704 amica

149 1723 304 1765 mortis
347 1723 479 1766 Saeua
516 1735 748 1777 poenarum
792 1734 954 1775 genera

149 1781 399 1836 pauescens,
422 1780 650 1834 Sanguine
671 1779 763 1820 fuso
793 1779 953 1820 meruit

151 1839 314 1881 secreta
336 1838 560 1882 Scandere
582 1838 695 1879 coeli.

213 1897 360 1939 Huius
381 1897 567 1938 obtentu
589 1897 698 1937 deus
720 1894 838 1936 alme
860 1894 954 1935 nos-

152 1955 231 1997 tris
275 1954 410 1996 Parce
446 1955 534 1995 iam
566 1953 708 2008 culpis
749 1953 858 1994 vitia
889 1966 953 1994 re-

154 2013 347 2062 mittens,
365 2011 467 2067 Quo
489 2012 569 2053 tibi
587 2012 684 2066 puri
702 2010 954 2052 resonemus

153 2070 320 2112 almum
345 2067 538 2111 Peftoris
559 2069 788 2123 hymnum.

213 2128 365 2170 Gloria
391 2128 517 2182 patri,
549 2127 801 2181 genitaeque
832 2125 956 2180 proli,

155 2186 215 2228 Et
237 2186 316 2227 tibi
345 2199 527 2240 compar
545 2184 766 2239 Vtriusque
788 2183 958 2237 semper

155 2244 347 2298 Spiritus
378 2243 494 2284 alme
534 2243 644 2283 deus
683 2255 795 2283 vnus
835 2241 956 2282 omni

154 2302 376 2356 Tempore
398 2301 507 2343 secli.
568 2300 730 2342 Amen.

224 2443 269 2489 (Ι
308 2439 366 2482 Si
385 2439 532 2493 suerit
557 2439 682 2494 virgo
718 2444 896 2492 martyr.

478 2530 643 2573 Oratio.

167 2617 535 2701 INdulgentiam
563 2617 689 2659 nobis
711 2616 960 2671 quaesumus

240 2676 420 2717 dominc
470 2675 602 2717 beata
642 2675 709 2717 .N.
753 2675 876 2729 virgo
917 2681 962 2717 et

160 2740 329 2788 martyr
354 2732 570 2788 imploret,
591 2747 690 2787 quae
723 2733 801 2774 tibi
833 2739 961 2786 grata

160 2791 330 2846 semper
368 2790 520 2833 extitit
561 2798 605 2832 ct
648 2791 805 2832 merito
839 2790 962 2831 casti-

159 2850 276 2900 tatis,
298 2855 343 2891 et
363 2855 452 2892 tuae
478 2849 736 2903 professione
758 2848 930 2890 virtutis
953 2864 962 2889 :

159 2921 247 2962 per.

1740 190 1818 241 187

1084 280 1129 326 (Ι
1165 279 1224 321 Si
1239 278 1389 331 suerit
1416 278 1540 332 virgo
1571 284 1754 320 tantum.

1336 368 1501 410 Oratio.

1107 442 1257 484 Xaudi
1319 456 1400 484 nos
1456 443 1566 484 deus
1622 441 1820 483 salutaris

1136 501 1290 550 noster,
1330 507 1377 542 vt
1428 500 1533 542 ficut
1577 500 1635 541 de
1676 500 1820 541 beatae

1017 559 1084 601 .N.
1126 558 1361 600 festiuitate
1404 558 1650 612 gaudemus
1702 573 1710 598 :
1761 558 1822 598 ita

1016 617 1102 671 piae
1116 617 1367 659 deuotionis
1381 617 1632 658 erudiamur
1645 613 1820 656 affeetu:

1018 688 1104 729 per.

1020 785 1064 831 (Ι
1099 782 1154 823 In
1206 782 1404 824 omnibns
1445 780 1645 835 sabbatis
1694 781 1824 822 totins

1075 841 1188 882 anni
1202 841 1268 895 fit
1286 839 1470 894 officium
1500 839 1553 880 de
1581 839 1702 880 beata
1732 838 1823 880 vir-

1071 898 1179 953 gine
1226 898 1348 939 moa'o
1398 897 1690 952 infrascripto,
1743 896 1825 950 nisi

1068 956 1231 1011 festum
1272 961 1477 1005 occurrat,
1517 955 1690 1008 exceptzs
1718 954 1821 1007 sab-

1080 1015 1175 1056 bato
1204 1014 1368 1067 santio,
1398 1021 1439 1055 et
1456 1013 1655 1066 sabbatis
1684 1025 1822 1053 occur-

1081 1073 1272 1114 rentibus
1300 1071 1428 1125 infra
1448 1072 1622 1112 manas
1642 1069 1824 1111 Natini-

1081 1131 1198 1180 tatis,
1247 1129 1517 1183 Epiplcanioe,
1560 1127 1824 1181 Reficrreai-

1079 1188 1186 1238 onis,
1231 1187 1496 1242 Pentecostes‚
1536 1193 1577 1228 et
1629 1185 1827 1240 Corporis

1084 1246 1255 1301 Christi,
1286 1245 1521 1299 Excipitur
1549 1244 1679 1286 etiam
1715 1243 1825 1284 Sab-

1081 1305 1227 1346 batum
1259 1304 1306 1345 in
1333 1318 1413 1358 quo
1442 1302 1643 1344 inciderit
1668 1301 1825 1356 vigilia

1081 1362 1352 1404 Natiuitatis
1368 1360 1557 1402 Domini.
1594 1359 1826 1401 Sciendum

1080 1420 1140 1474 est
1183 1427 1327 1461 autem
1377 1419 1493 1473 quod
1542 1419 1588 1459 in
1635 1417 1828 1472 flngnlis

1079 1478 1199 1519 ltoris
1246 1478 1394 1519 omnia
1443 1477 1649 1518 dz'cuntur
1693 1482 1742 1517 vt
1780 1475 1826 1516 in

1081 1536 1185 1590 alijs
1243 1535 1400 1585 diebus,
1460 1541 1624 1589 praeter
1683 1533 1826 1587 infra-

1070 1594 1247 1648 scripta.

1023 1705 1067 1751 (Ι
1125 1702 1166 1743 A
1173 1701 1209 1743 d
1268 1701 1533 1744 matutinum
1596 1699 1825 1741 inuitator-

1374 1773 1477 1801 zum.

1042 1853 1052 1873 t
1074 1834 1091 1839 ’
1103 1848 1115 1860 ”

1134 1948 1139 1950 Δ
1186 1910 1393 1952 dominus
1414 1915 1574 1950 tecum.

1115 1853 1227 1948 ινε
1284 1851 1423 1892 maria
1480 1850 1622 1904 gratia
1682 1848 1825 1904 plena,

1169 2017 1375 2071 Hymnus
1405 2017 1451 2058 in
1482 2015 1682 2057 aduentu.

1119 2093 1236 2134 Vem
1279 2098 1406 2139 terra,
1448 2096 1624 2144 pontus,
1662 2087 1828 2130 aethera

1150 2150 1301 2192 colunt
1335 2162 1343 2190 :
1385 2149 1573 2189 adorant
1620 2160 1628 2188 :
1671 2146 1828 2200 praedi-

1026 2215 1128 2250 cant
1169 2207 1352 2249 Trinam
1395 2211 1621 2259 regentem
1665 2204 1827 2245 machi-

1028 2281 1130 2309 nam
1156 2265 1402 2308 Claustrum
1427 2263 1581 2304 Mariae
1604 2262 1783 2304 baiulat.

1086 2324 1169 2367 Cui
1202 2324 1317 2371 luna,
1343 2322 1415 2371 sol,
1436 2327 1481 2363 et
1502 2321 1652 2362 omnia
1675 2319 1828 2361 Deser—

1028 2383 1154 2424 uiunt
1176 2395 1253 2436 per
1274 2387 1476 2434 tempora
1501 2393 1509 2420 ε
1534 2378 1706 2420 Persusa
1727 2377 1828 2419 coeli

1028 2441 1170 2495 gratia
1191 2438 1362 2494 gestant
1385 2437 1542 2492 puellae
1564 2436 1736 2478 viscera.

1089 2499 1228 2539 Beata
1280 2502 1422 2537 mater
1472 2508 1664 2543 munere,
1705 2493 1828 2535 cuius

1030 2557 1239 2610 supernus
1280 2553 1453 2603 artifex,
1496 2553 1715 2594 Mundum
1749 2565 1827 2605 pu·

1028 2614 1135 2669 gillo
1157 2610 1419 2661 continens¹‚
1435 2611 1616 2653 Ventris
1635 2610 1710 2651 sub
1728 2622 1828 2650 arca

1029 2671 1198 2714 clausus
1220 2670 1291 2712 est.

1091 2731 1228 2771 Beata
1263 2727 1363 2769 coeli
1397 2727 1568 2777 nuncio,
1603 2725 1829 2766 Foecunda

1030 2786 1178 2829 sanGto
1193 2787 1353 2841 spiritu,
1373 2785 1671 2838 Desyderatus
1688 2784 1829 2837 genti-

1030 2847 1112 2888 bus
1136 2846 1270 2887 Cuius
1293 2858 1369 2898 pcr
1389 2843 1540 2884 aluum
1564 2842 1678 2883 susus
1700 2841 1772 2882 est.

1091 2904 1233 2944 Maria
1286 2908 1427 2942 mater
1477 2900 1643 2954 gratiae,
1687 2899 1831 2940 Mater

801 3018 810 3039 ¹
839 3018 1036 3054 conuersus
1057 3029 1063 3052 :
1094 3017 1130 3051 P.
1149 3016 1189 3051 Α.
