2066 3392
196 217 252 260 24
652 221 905 255 DOMINJCA
939 221 1100 254 PRI.1!A
1133 221 1420 254 ADUENTUS.

194 311 284 352 per*
309 299 631 352 abstinentiam,
670 300 745 355 ipfi
786 313 999 342 canamus

193 356 392 411 gloriam.

255 415 354 456 Deo
394 416 509 470 patri
550 416 599 458 fit
635 415 787 470 gloria,
823 415 999 469 eiusque

196 471 270 513 soli
302 472 404 523 filio,
432 487 533 515 curn
563 474 712 528 spiritu
742 473 998 527 paracleto:

195 536 241 571 et
256 544 382 581 nunc,
396 538 440 573 et
457 532 499 572 in
519 538 794 585 perpetuum.
835 531 996 572 Amen.

254 588 422 630 Deinde
436 589 643 630 dicuntur
656 596 741 630 tres
750 588 916 642 psalmi
933 588 999 640 as-

184 645 359 698 signati
388 647 434 688 in
457 646 661 699 psalterio
692 661 787 687 cnm
809 646 999 699 symbolo

196 703 437 758 Atlzanaszj
454 705 499 745 in
521 704 746 745 dominicis
772 704 929 754 diebus,
953 704 998 745 in

194 760 298 815 alijs
314 775 411 802 vero
425 762 596 804 dicitur.
633 762 777 804 Credo
792 762 834 802 in
850 763 996 803 deum.

195 825 263 860 etc.
282 820 437 872 quibus
445 820 597 874 finitis
616 819 790 860 dicitur.
835 819 881 861 V.
908 820 998 860 Do-

198 877 316 917 mine
352 878 517 918 exaudi
553 878 800 918 orationem
838 890 995 918 meam.

195 933 249 975 R.
289 934 349 976 Et
365 935 533 976 clamor
553 949 677 976 meus
699 935 755 975 ad
778 941 822 976 te
838 935 999 977 veniat.

196 991 365 1033 Deinde
384 993 587 1035 Oremus.
648 992 810 1035 Oratio.

205 1102 453 1184 DOmine
475 1104 584 1145 deus
612 1103 895 1157 omnipotens
924 1103 998 1157 qui

317 1162 374 1202 ad
422 1162 685 1216 principium
734 1162 863 1202 huius
911 1162 998 1202 diei

197 1233 277 1260 nos
322 1220 552 1273 peruenire
599 1219 745 1269 fecisti,
790 1225 868 1260 tua
918 1233 1000 1260 nos

197 1276 329 1318 hodie
371 1277 489 1319 salua
518 1278 681 1319 virtute
714 1293 722 1318 :
752 1283 801 1318 vt
837 1277 881 1318 in
917 1277 1000 1317 hac

196 1335 268 1375 die
290 1335 346 1376 ad
369 1335 538 1376 nullum
556 1335 827 1376 declinemus
845 1348 999 1388 pecca-

197 1398 292 1434 tum
326 1409 335 1434 :
366 1393 437 1434 sed
467 1393 635 1447 semper
656 1393 712 1434 ad
735 1399 858 1434 tuam
882 1392 998 1433 iusti-

197 1451 305 1491 tiam
324 1450 570 1492 faciendam
589 1451 734 1492 nostra
755 1450 999 1504 procedant

197 1508 382 1561 eloquia,
411 1509 656 1562 dirigantur
674 1508 965 1561 cogitationes
975 1507 999 1558 ²,

197 1580 343 1619 opera.
407 1566 489 1607 Per
531 1567 762 1607 dominum
804 1566 997 1607 nostrum

197 1624 331 1664 iesum
346 1622 551 1665 christum
566 1623 736 1665 filium².
763 1624 816 1664 R.
833 1623 997 1664 Amen.

265 1681 311 1723 V.
361 1682 695 1723 Benedicamus.
717 1687 766 1723 vt
780 1681 920 1735 supra
941 1681 1005 1722 ad

195 1738 352 1781 laudes.

411 1814 455 1860 (1
478 1811 562 1853 Ad
577 1812 653 1866 tas.
727 1811 773 1854 V.

291 1881 382 1922 Eus
426 1882 470 1922 in
514 1882 782 1923 adiutorium
827 1879 998 1923 meum³

316 1946 385 1981 etc.
445 1938 662 1992 Hymnus.

204 2023 392 2106 NVnc
435 2022 581 2064 sande
622 2024 751 2065 nobis
794 2023 998 2078 Spiritus,

324 2082 474 2122 Vnum
498 2082 610 2135 patri
635 2096 736 2122 cum
760 2081 862 2132 filio,
887 2083 997 2136 Dig—

196 2153 301 2179 nare
322 2146 557 2193 promptus
579 2140 730 2194 ingeri,
750 2140 910 2182 Nostro
932 2154 996 2182 re-

197 2196 312 2237 fusus
335 2195 514 2250 pectori.

253 2254 330 2304 Os,
345 2254 505 2309 lingua,
521 2269 657 2304 mens,
675 2255 827 2305 sensus,
845 2256 994 2309 Vigor.

194 2312 455 2353 confesfione
477 2313 710 2366 personent
734 2330 742 2355 ε
774 2313 994 2354 flammes-

194 2376 265 2411 cat
283 2371 384 2423 igne
401 2370 592 2412 charitas
609 2373 848 2413 :accendat
865 2373 996 2413 ardor

194 2441 434 2481 proxlmos.

254 2485 413 2527 Praesta
430 2491 556 2539 pater
577 2487 770 2540 pijsfime,
789 2487 996 2541 Patrique

193 2557 375 2596 compar
399 2545 536 2593 vnice‚
557 2558 657 2585 cum
688 2545 836 2598 spiritu
869 2559 995 2599 para-

194 2600 309 2641 cleto
332 2615 520 2655 regnans
543 2615 619 2655 per
641 2616 772 2644 omne
793 2603 995 2644 seculum.

194 2658 358 2699 Amen.

251 2715 418 2756 Deinde
438 2716 603 2769 psalmi
633 2723 682 2757 vt
713 2717 757 2758 in
780 2718 995 2771 psalterio.

191 2773 346 2826 quibus
373 2773 525 2827 finitis
563 2775 733 2816 dicitur.
807 2775 851 2816 V.
901 2776 994 2816 Do-

193 2833 312 2872 mine
344 2832 507 2871 exaudi
550 2833 793 2873 orationem
837 2847 993 2875 meam.

261 2919 272 2940 ¹
298 2926 359 2954 et:
385 2920 469 2954 add.
491 2921 533 2954 R.
555 2921 598 2955 P.
617 2921 666 2955 A.

194 3015 226 3048 R
255 2966 281 3047 12)
301 2976 404 3047 ῑὲιιιῃ
419 2967 480 3011 qui
499 2972 585 3002 eta:
611 2967 784 3012 vtsupra
796 2971 835 3013 p.
858 2979 875 3003 2
882 2980 899 3013 3
916 2981 949 3003 n.
971 2980 991 3012 4

1066 299 1124 340 R.
1167 299 1227 341 Et
1243 298 1412 340 clamor
1428 310 1552 340 meus
1569 297 1625 339 ad
1648 302 1692 338 te
1707 295 1868 338 veniat.

1067 357 1270 399 Oremus.
1334 356 1496 398 Oratio.
1559 356 1724 396 Excita
1748 368 1867 408 quae-

1066 414 1224 456 sumus.
1260 420 1330 456 etc.
1366 420 1416 455 vt
1440 413 1581 467 supra
1615 413 1680 453 ad
1709 411 1867 453 laudes.

1066 471 1320 513 Notandum
1341 471 1457 525 quod
1478 471 1542 512 ad
1567 470 1752 519 tertiam,
1772 469 1868 522 sav-

1066 535 1167 579 tam,
1185 535 1227 570 et
1246 543 1402 570 nonam
1412 529 1583 582 semper
1596 528 1759 569 dicitur
1772 540 1868 568 ora-

1066 587 1134 638 tio,
1157 600 1250 641 quce
1268 587 1384 628 dina
1394 586 1544 641 fuerit
1561 586 1623 627 ad
1638 585 1796 627 laudes.

1240 696 1285 741 (1
1308 689 1576 743 Adfixtam.
1649 687 1696 731 V.

1161 757 1253 798 Eus
1295 758 1339 798 in
1381 756 1648 798 adiutorium
1687 752 1867 797 meum⁴.

1188 822 1258 857 etc.
1318 815 1536 868 Hymnus.

1075 883 1297 966 REtffiwr
1317 890 1475 939 potens
1496 897 1636 949 verax
1657 883 1777 924 deus.
1794 882 1869 936 qui

1178 949 1398 997 temperas
1413 955 1556 983 rerum
1569 954 1685 982 vlces
1705 953 1714 981 :
1731 939 1870 994 splen·-

1065 1000 1172 1041 dore
1187 1014 1317 1042 mane
1333 999 1516 1050 instruis,
1531 1005 1575 1041 et
1591 998 1767 1054 ignibus
1782 1010 1873 1039 me-

1067 1059 1236 1099 ridiem.

1125 1116 1356 1170 Extingue
1373 1115 1577 1156 flammas
1598 1114 1741 1156 litium
1764 1128 1772 1154 :
1794 1127 1870 1154 au-

1067 1173 1131 1215 fer
1151 1174 1343 1215 calorem
1374 1174 1560 1214 noxium
1589 1188 1598 1213 :
1629 1171 1781 1213 confer
1806 1171 1869 1212 sa-

1066 1231 1204 1273 lutem
1214 1243 1705 1286 corporum‚veramque
1712 1243 1868 1283 pacem

1066 1290 1278 1331 cordium.

1126 1347 1287 1389 Praesta
1308 1352 1436 1401 pater
1457 1346 1652 1401 pijsfime.
1673 1351 1744 1387 etc.

1123 1422 1292 1464 Deinde
1311 1422 1478 1477 psalmi
1505 1428 1554 1463 vt
1581 1421 1629 1463 in
1653 1420 1890 1475 psalteria,

1064 1487 1132 1522 etc.
1156 1487 1206 1522 vt
1211 1481 1351 1535 supra
1371 1479 1435 1521 ad
1451 1480 1527 1534 dij.

1247 1585 1291 1630 ΙΙ
1316 1581 1399 1623 Ad
1415 1594 1582 1622 nonam.
1649 1580 1695 1623 V.

1161 1651 1253 1692 Eus
1294 1651 1338 1691 in
1378 1650 1646 1691 adiutorium
1687 1647 1867 1690 meum⁴.

1187 1716 1256 1750 etc.
1317 1708 1534 1761 Hymnus.

1161 1778 1297 1818 Erum
1327 1777 1436 1817 deus
1464 1783 1602 1817 tenax
1630 1775 1766 1829 vigor,
1788 1775 1869 1815 im-

1188 1842 1334 1876 motus
1357 1835 1400 1875 in
1422 1840 1466 1875 te
1489 1847 1751 1887 permanens
1775 1849 1783 1874 :
1805 1833 1869 1874 lu-

1066 1894 1127 1935 cis
1163 1894 1332 1935 diurnae
1370 1898 1574 1946 tempora
1611 1891 1867 1933 succeffibus

1065 1951 1377 1992 determinans.

1125 2010 1306 2063 Largire
1334 2007 1500 2049 clarum
1527 2007 1702 2060 vespere
1735 2021 1744 2048 :
1777 2020 1867 2061 quo

1064 2067 1155 2109 vita
1177 2067 1389 2120 nusquam
1413 2066 1591 2106 decidat
1620 2080 1628 2106 :
1656 2064 1727 2106 sed
1757 2078 1866 2118 prae-

1066 2126 1203 2166 mium
1227 2125 1382 2165 mortis
1410 2123 1540 2164 sacrae
1567 2123 1773 2176 perennis
1802 2123 1867 2163 in-

1065 2182 1145 2224 stet
1166 2182 1318 2236 gloria.

1124 2240 1284 2281 Praesta
1305 2245 1430 2294 pater
1451 2238 1634 2293 pijsfime
1656 2244 1736 2280 etc.

1122 2314 1289 2361 Deinde
1308 2313 1474 2367 psalmi
1502 2319 1551 2353 vt
1579 2312 1624 2354 in
1650 2312 1867 2366 psalterio.

1063 2379 1132 2414 etc.
1155 2379 1205 2413 vt
1211 2373 1352 2426 ficpra
1372 2371 1435 2412 ad
1452 2371 1526 2425 ,iifl

1221 2466 1266 2511 ΙΙ
1289 2463 1372 2504 Ad
1388 2463 1586 2516 vesperas.
1659 2461 1706 2504 V.

1160 2532 1251 2572 Eus
1285 2532 1329 2572 in
1369 2531 1638 2572 adiutorium
1686 2529 1866 2573 meum⁴.

1185 2596 1253 2631 etc.
1316 2590 1531 2642 IffymnuS.

1068 2659 1338 2742 COnditor
1351 2658 1465 2707 alme
1480 2657 1867 2711 syderum‚aeterna

1174 2717 1252 2757 lux
1289 2716 1573 2763 credentium,
1610 2715 1764 2756 christe
1802 2729 1866 2756 re-

1064 2775 1271 2827 demptor
1287 2774 1486 2814 omnium
1509 2773 1690 2814 Exaudi
1713 2787 1866 2827 preces

1066 2832 1320 2886 supplicum.

1133 2921 1146 2941 ³
1172 2921 1324 2955 intende
1348 2932 1354 2955 :
1373 2920 1462 2955 add.
1484 2921 1521 2955 P.
1542 2920 1586 2954 A.

1131 2967 1143 2989 ⁴
1169 2969 1331 3003 intende.
1354 2968 1516 3002 Domine
1535 2968 1583 3002 ad
1602 2972 1669 3002 etc.
1690 2979 1695 3001 :
1716 2967 1800 3002 add.
1818 2969 1856 3003 P.

1062 3015 1213 3050 intende
1235 3028 1241 3049 :
1259 3015 1341 3048 add.
1364 3016 1406 3048 Α.
