2066 3392
859 191 1138 226 AUGUSTUS.
1771 192 1845 236 151

169 273 226 314 ris
252 272 313 315 est
341 273 585 328 antiquata,
605 279 650 316 et
678 273 903 322 sancitum,
923 277 973 314 vt

168 343 312 385 neque
343 331 387 373 in
420 331 568 386 ligneo
602 338 783 387 propter
818 331 971 373 rarita-

168 394 272 437 tem,
304 403 393 443 qua
430 390 753 431 sacramentum
785 389 971 431 imbibe-

168 445 319 496 retur¹,
352 461 497 502 neque
534 448 577 489 in
613 449 754 490 vitreo
791 453 973 502 propter

167 503 465 558 fragilitatem,
502 519 644 560 neque
684 520 743 547 ex
784 519 870 547 aere
912 505 971 546 ob

166 568 330 603 tetrum
360 562 570 617 saporem,
596 564 671 618 qui
699 578 758 605 ex
788 577 841 605 eo
868 577 972 604 con-

166 620 366 670 trahitur,
396 621 468 662 sed
501 635 559 662 ex
591 635 697 663 auro
729 627 971 676 argentoue

167 683 244 718 aut
266 677 421 720 stanno
442 678 579 729 fieret,
602 680 728 721 Idem
755 685 971 734 praeterea

168 734 366 785 instituit,
382 743 430 778 vt
451 751 606 778 omnes
627 737 845 778 christiani
867 750 968 778 cum

168 794 224 834 ad
247 794 492 848 pubertatis
509 809 649 836 annos
666 795 970 849 peruenissent,

167 849 344 904 singulis
393 853 521 894 annis
577 854 621 894 in
678 853 842 894 solenni
898 854 970 894 die

167 908 339 962 paschae
372 911 547 964 publice
578 911 969 952 communicarent.

169 966 281 1008 Cum
300 974 450 1009 autem
466 969 635 1011 sedisset
650 983 790 1010 annos
806 983 967 1010 nouem

167 1024 336 1066 menses
358 1026 522 1080 septem
545 1027 640 1068 dies
657 1028 811 1069 decem
830 1027 970 1081 impe-

168 1088 312 1124 ratore
339 1083 506 1126 Seuero
536 1085 731 1135 moritur,
755 1099 806 1126 ac
833 1085 876 1126 in
898 1085 969 1126 via

165 1139 320 1194 Appia
342 1141 558 1196 sepelitur,
572 1156 659 1184 non
680 1143 812 1196 longe
834 1157 860 1184 a
880 1157 968 1184 coe-

166 1199 349 1240 meterio
373 1200 521 1242 Calisti
545 1200 731 1255 septimo
760 1200 968 1243 calendas

167 1255 457 1310 Septembris.

163 1349 209 1396 (I
233 1348 507 1405 Augustinus
534 1350 741 1405 epistopus
769 1351 972 1405 corffeſjbr

390 1407 544 1462 duplex
564 1408 741 1453 minus&

487 1483 652 1527 Oratio.

163 1558 362 1642 ADesto
388 1558 782 1613 supplicationibus
812 1560 967 1602 nostris

275 1616 558 1671 omnipotens
581 1617 690 1658 deus
713 1633 721 1659 :
743 1623 787 1659 et
808 1619 968 1672 quibus

163 1673 370 1716 fiduciam
413 1675 639 1729 sperandae
682 1676 862 1730 pietatis
903 1677 967 1718 in-

162 1732 331 1786 dulges,
375 1733 676 1775 intercedente
717 1733 850 1776 beato
890 1749 967 1776 au-

161 1790 334 1844 gustino
356 1791 594 1833 consessore
611 1798 688 1833 tuo
705 1798 840 1846 atque
856 1806 967 1847 pon-

160 1847 291 1898 tifice,
359 1849 578 1890 consuetae
658 1850 966 1892 misericordiae

161 1906 306 1948 tribue
328 1906 545 1961 benignus
567 1905 773 1948 efseffitum
797 1923 804 1948 :
827 1922 917 1962 per.

441 1997 588 2039 LeHio
609 1998 685 2051 jis.

162 2071 462 2154 Ngustinus
493 2072 699 2126 Tagastae
730 2072 870 2126 (quod
905 2073 966 2115 est

274 2130 491 2184 oppidum
515 2130 559 2171 in
582 2129 756 2183 Africa)
775 2131 966 2172 honestis

162 2188 419 2240 parentibus
459 2194 593 2237 ortuS,
635 2189 834 2229 omnium
878 2188 966 2230 sere

163 2243 335 2286 suorum
391 2245 628 2299 aequalium
686 2244 966 2297 doc'tisiimus,

163 2301 234 2343 sed
258 2302 300 2343 in
324 2301 619 2344 adolescentia
640 2302 883 2345 christianae
901 2318 965 2346 re-

162 2359 314 2413 ligioni
337 2359 505 2401 alienus
529 2361 834 2402 Mediolanum
861 2375 966 2403 con-

161 2417 316 2459 tendit.
346 2417 432 2459 Vbi
449 2431 549 2459 cum
565 2416 761 2460 sanCtum
773 2419 965 2461 Ambro-

163 2474 268 2516 sium
283 2475 339 2516 ad
357 2475 569 2529 populum
579 2477 634 2518 de
644 2476 854 2531 religione
863 2491 963 2518 con-

162 2532 435 2574 cionantem‘¹
473 2533 725 2587 frequenter
768 2535 963 2585 audisset,

163 2589 348 2643 priuatis
384 2604 562 2645 quoque
598 2591 829 2646 colloquijs
871 2594 964 2634 eius

161 2647 372 2697 eruditus,
400 2654 445 2690 et
479 2649 711 2690 conuersus
745 2650 965 2705 trigesimo

163 2704 249 2746 suae
279 2706 425 2747 aetatis
456 2719 573 2748 anno
605 2707 661 2748 ab
692 2709 850 2749 eodem
882 2708 965 2751 suit

161 2762 423 2817 baptizatus.
502 2763 634 2806 Vnde
685 2765 878 2807 reuersus
920 2767 963 2809 in

160 2819 361 2863 Africam
389 2821 729 2864 christianissime
762 2837 813 2865 ac
846 2823 964 2866 sanc-

232 2910 242 2933 ¹
270 2910 470 2947 imbibctur
495 2925 501 2948 :
522 2914 559 2948 1‘.

230 2957 245 2979 ²
269 2957 330 2994 die
350 2960 393 2994 28
411 2961 452 2995 in
470 2971 517 2996 m.

230 3004 244 3027 ³
269 3006 516 3043 concionante
541 3008 610 3043 2A.

1038 270 1194 312 tissime
1202 270 1356 313 viuens
1372 272 1587 315 aValerio
1596 272 1690 314 viro
1700 272 1849 316 saneto

1039 327 1298 383 hipponensi
1357 330 1563 384 episcopo
1620 331 1850 386 presbyter

1040 385 1195 436 factus,
1205 387 1518 428 monasterium
1533 389 1735 430 condidit
1750 388 1847 430 reli-

1039 444 1258 498 giosorum
1272 444 1515 495 hominum,
1529 460 1640 500 quos
1654 447 1729 500 pia
1741 447 1847 488 doc-

1039 502 1155 543 trina
1183 509 1227 544 et
1253 504 1487 557 praeceptis
1509 503 1758 557 apostolicis
1781 505 1845 546 in-

1039 559 1258 603 stituebat.
1302 561 1362 602 Et
1383 575 1484 602 cum
1503 575 1581 615 per
1601 562 1645 603 id
1668 568 1846 616 tempus

1041 618 1377 660 Manicheorum
1393 619 1576 670 haerefis,
1590 619 1634 660 in
1649 634 1738 673 qua
1755 621 1845 674 ipse

1039 675 1194 726 suerat,
1221 676 1411 718 multum
1445 678 1704 729 inualuisset‚
1725 692 1846 719 acer-

1039 732 1170 775 rime⁴
1212 735 1256 776 in
1300 749 1400 776 eam
1444 749 1547 776 cum
1594 736 1843 778 Fortunato

1037 791 1345 834 haereticorum
1368 793 1566 847 principe
1588 794 1845 849 complures

1037 850 1132 891 dies
1154 850 1410 904 disputauit,
1432 850 1713 906 eundemdue
1741 866 1844 894 con-

1037 908 1154 950 uicit.
1216 908 1391 962 Quibus
1417 910 1546 951 rebus
1569 908 1729 952 duetus
1751 911 1844 952 Va-

1038 965 1169 1007 lerius
1197 966 1438 1021 episcopus,
1461 965 1579 1009 fac'ta
1607 967 1683 1009 fibi
1713 969 1843 1023 copia

1036 1037 1062 1065 a
1098 1024 1287 1078 primate
1323 1025 1627 1079 episcoporum
1669 1027 1842 1068 cartha-

1036 1082 1214 1135 ginenfi,
1248 1082 1547 1136 Augustinum
1582 1084 1626 1125 in
1663 1084 1846 1126 societa-

1036 1146 1128 1181 tem
1151 1140 1211 1181 sui
1234 1141 1512 1195 episcopatus
1535 1141 1696 1183 asciuit.
1741 1141 1846 1196 Qua

1037 1211 1142 1239 cura
1176 1198 1373 1252 suscepta
1404 1198 1680 1254 Augustinus
1717 1206 1845 1242 tanto

1036 1255 1179 1296 studio
1200 1256 1407 1310 cuiusque
1424 1258 1597 1311 generis
1613 1257 1845 1300 haereticos

1037 1311 1271 1355 inseftatus
1293 1314 1365 1364 est,
1381 1321 1429 1356 vt
1451 1316 1611 1369 partim
1635 1315 1844 1366 sermone,

1037 1372 1197 1425 partim
1230 1371 1351 1413 libris
1381 1374 1521 1423 editis,
1552 1380 1694 1415 totam
1724 1374 1845 1415 Afri-

1037 1443 1135 1470 cam
1165 1443 1191 1470 a
1217 1429 1567 1482 Manicheorum,
1590 1432 1845 1474 Donatista-

1037 1501 1147 1537 rum,
1169 1487 1599 1543 Pelagionorumque
1626 1490 1844 1531 erroribus

1036 1546 1365 1600 expurgauerit.
1423 1547 1602 1601 Scripsit
1623 1547 1758 1589 libros
1780 1549 1846 1590 in-

1036 1604 1343 1654 numerabiles,
1385 1605 1443 1645 ad
1492 1605 1751 1659 religionem
1800 1612 1844 1648 et

1037 1661 1253 1703 sacrarum
1277 1661 1585 1716 scripturarum
1609 1664 1846 1718 expositio·

1035 1732 1136 1760 nem
1170 1721 1451 1774 pertinentes,
1484 1727 1611 1763 tanta
1642 1720 1845 1764 doctrina

1034 1782 1079 1818 et
1101 1778 1278 1831 pietate,
1300 1784 1348 1820 vt
1370 1778 1518 1820 nullus
1548 1793 1691 1834 neque
1721 1780 1845 1822 Grae-

1033 1849 1186 1876 corum
1214 1849 1356 1890 neque
1385 1836 1621 1878 latinorum
1651 1837 1845 1880 christia-

1036 1907 1140 1934 nam
1178 1893 1501 1948 philosophiam
1545 1895 1687 1950 magis
1729 1895 1845 1938 illus-

1034 1952 1229 1992 trauerit.
1291 1952 1343 1992 In
1367 1965 1455 2006 quo
1478 1952 1620 1994 studio
1641 1967 1742 1995 cum
1765 1967 1844 1995 an-

1035 2022 1141 2049 num
1157 2015 1307 2062 ageret
1316 2010 1461 2050 aetatis
1477 2010 1842 2065 septuagesimum

1036 2066 1209 2107 sextum
1233 2081 1259 2107 a
1282 2067 1371 2108 vita
1395 2068 1603 2121 migrauit
1625 2084 1673 2110 .v.
1696 2069 1843 2110 calen-

1035 2124 1116 2164 das
1175 2124 1453 2178 Septembris
1509 2139 1627 2167 anno
1684 2126 1842 2169 Christi

1035 2181 1127 2222 nati
1179 2180 1399 2223 ‚cccxxx.⁶
1450 2183 1585 2237 idque
1639 2184 1843 2239 Hipponi

1035 2239 1253 2338 {sandalis
1286 2254 1384 2281 eam
1417 2241 1571 2283 vrbem
1604 2241 1843 2284 obfidenti-

1068 2311 1127 2338 uS.

1035 2389 1079 2435 (Ι
1104 2387 1340 2429 Decollatio
1350 2388 1501 2441 sanc‘Zi
1524 2390 1706 2432 Ioannis
1731 2390 1846 2445 Bap-

1092 2445 1200 2500 tzstoe
1217 2446 1373 2499 duplex
1393 2447 1538 2488 maius
1564 2448 1630 2488 ad
1654 2449 1846 2502 vesperas

1091 2510 1133 2544 et
1159 2504 1427 2545 matutinum
1457 2505 1633 2558 Hymni
1659 2513 1699 2548 ct
1729 2507 1844 2549 inui-

1093 2561 1301 2602 tatorium
1350 2562 1403 2603 de
1452 2563 1672 2606 communi
1715 2565 1845 2606 vuius

1093 2619 1312 2673 ηιανζγνιὶς.

1361 2694 1523 2737 Oratio.

1108 2766 1246 2810 Αηξὶί
1302 2769 1485 2811 Ioannis
1541 2770 1742 2825 baptistae
1799 2779 1844 2815 et

1137 2826 1345 2881 martyris
1377 2828 1440 2868 tui
1478 2828 1728 2882 quaesumus
1766 2830 1844 2872 do-

1110 2915 1122 2938 ⁴
1148 2917 1369 2954 acerrissnne
1393 2930 1399 2953 :
1422 2919 1458 2953 P.

1111 2964 1124 2985 ¹·
1151 2975 1319 3000 ccccxxx.
1346 2977 1352 2999 :
1376 2966 1417 3000 R.
1440 2967 1476 3001 P.
1493 2966 1536 3002 Α.
