2066 3392
247 175 324 216 128

242 267 341 310 cula
383 266 543 310 reiet'sta
578 268 638 310 est
675 267 700 310 a
734 268 963 319 iudicibus,
997 274 1041 310 et

243 326 512 368 Athanasius
579 327 799 368 liberatus.
902 326 1040 368 Aliud

243 384 404 426 deinde
445 385 711 426 intentatum
761 384 821 426 est
862 385 1039 426 crimen.

243 442 452 484 Arsenius
471 442 700 495 Athanasij
726 441 864 484 Ιεὲὶοι·
881 443 1042 483 timens

243 500 435 541 eiusdem
465 500 709 553 Athanasij,
741 514 872 554 quem
905 500 1042 541 offen-

243 559 380 608 derat,
413 558 758 612 castigationem,
790 558 910 612 apud
954 558 1041 599 Ar-

243 617 412 657 rianum
435 617 659 670 quendam
683 616 900 657 latitabat.
935 616 1043 656 Eius

243 688 348 728 ergo
415 674 606 715 latebras
669 674 1044 715 comminiscendo

242 732 412 773 crimini
445 738 717 786 opportunas
755 731 918 773 inimici
950 731 1044 782 rati,

242 790 486 831 humanum
509 789 737 830 brachium
756 789 900 830 loculo
922 789 1042 830 dela-

242 854 337 889 tum
355 847 646 895 ostentabant,
662 848 781 901 quod
797 861 855 888 ex
870 846 1041 900 Arsenij

240 919 423 959 corpore
454 906 510 946 ab
541 905 785 946 Athanasio
817 905 1042 946 abscissum

241 964 324 1005 esse
346 964 388 1004 in
412 964 596 1018 magicae
618 963 724 1004 artis
744 963 879 1014 vsum,
901 963 1043 1004 crimi-

241 1021 472 1063 nabantur.
553 1021 618 1062 At
667 1020 878 1062 Arsenius
929 1021 1044 1061 dolis

243 1080 443 1133 cognitis,
496 1079 582 1120 siue
635 1093 736 1120 eum
793 1079 1043 1120 humanita-

243 1139 299 1179 tis
317 1137 647 1191 contemplatio,
663 1137 749 1178 siue
771 1137 923 1178 diuina
945 1151 1043 1191 per-

243 1196 356 1249 pulit
382 1195 674 1249 prouidentia,
699 1194 812 1236 clam
839 1209 917 1249 per
939 1208 1042 1236 noc-

242 1255 299 1295 tis
335 1253 503 1294 silentia
539 1254 745 1303 euadenS,
777 1251 947 1307 tyrum¹
986 1253 1042 1294 ad

243 1311 538 1353 Athanasium
561 1311 601 1352 se
623 1310 821 1352 contulit.
875 1310 977 1365 Quo
999 1311 1042 1352 in

243 1369 477 1410 concilium
501 1374 662 1423 praeter
690 1368 809 1423 spem
842 1369 1041 1410 omnium

243 1425 471 1481 produSto,
494 1433 538 1468 et
559 1433 796 1481 vtrumque
813 1426 1041 1468 brachium

242 1485 424 1526 illaesum
461 1484 730 1534 ostendente,
766 1485 1042 1526 inimicorum

242 1543 379 1584 scelus
428 1542 654 1597 perspicue
694 1541 919 1584 detefmm
972 1542 1043 1584 est.

242 1601 308 1642 At
336 1614 425 1642 non
455 1607 687 1654 propterea
716 1601 894 1641 Arriani
923 1601 1044 1654 quie-

242 1673 357 1708 uere,
408 1658 479 1699 sed
532 1658 673 1699 multo
724 1659 889 1699 maiore
940 1658 1044 1699 odio

245 1716 538 1758 Athanasium
657 1715 1045 1770 prosequebantur,

243 1772 402 1817 cuneta
443 1774 499 1815 ab
550 1787 603 1815 eo
653 1775 834 1828 magicis
877 1774 1044 1815 artibus

245 1830 361 1874 facta
383 1832 466 1873 esse
488 1832 821 1873 calumniantes.
887 1831 1044 1885 Itaque

245 1891 401 1931 horum
433 1890 605 1930 infidias
641 1889 824 1943 fugiens,
846 1896 890 1931 et
929 1890 1045 1932 Con-

245 1948 389 2001 stantij
430 1948 718 2001 imperatoris,
756 1949 830 2002 qui
867 1947 1046 1989 fauebat

247 2006 459 2055 Arrianis,
513 2007 622 2046 iram
675 2006 986 2059 pertimescens
1038 2020 1046 2047 ;

246 2078 410 2118 magna
462 2070 587 2117 parte
638 2064 756 2104 orbis
802 2070 1045 2118 peragrata,

248 2122 323 2163 sex
376 2122 610 2163 continuos
662 2135 800 2162 annos
853 2123 895 2162 in
939 2121 1047 2162 sicca

246 2180 429 2221 cisterna
458 2179 543 2220 sine
574 2179 671 2220 solis
701 2179 877 2233 aspectu
908 2179 1048 2229 latuit,

247 2239 390 2279 amico
452 2238 491 2278 ei
554 2237 749 2291 quodam
814 2237 1048 2278 necessaria

248 2296 361 2336 clam
414 2295 731 2349 suppeditante.
826 2295 1048 2336 Postremo

249 2354 351 2394 inde
365 2353 554 2406 egressus
569 2353 624 2394 ad
636 2353 888 2395 Constantis
902 2359 1049 2407 partes

251 2411 462 2464 profugus
485 2411 688 2459 abscessit,
709 2425 798 2464 quo
820 2411 1049 2452 adnitente

251 2469 398 2510 sedem
434 2469 553 2509 suam
587 2469 763 2522 recepit.
826 2468 1048 2510 Caeterum

251 2527 401 2580 postea
423 2526 663 2568 Constante
696 2532 882 2575 mortuo,
909 2526 1050 2567 rursus

253 2586 295 2625 in
339 2584 530 2625 Galliam
566 2583 809 2637 aufugiens,
850 2584 1051 2625 exulauit

250 2642 370 2695 apud
413 2642 628 2682 Treuiros.
695 2642 829 2683 Vnde
869 2642 1052 2682 alexan-

252 2700 393 2741 driam
429 2699 634 2748 reuersus,
657 2713 756 2740 cum
791 2699 940 2753 postea
973 2700 1053 2740 im-

250 2757 464 2811 peratoris
502 2756 660 2797 Iuliani
697 2757 908 2810 apostatae
946 2757 1052 2798 iussu

252 2815 308 2856 ad
344 2828 494 2855 necem
540 2822 818 2867 quaereretur,
852 2829 930 2868 per
973 2814 1053 2856 flu-

256 2873 376 2913 uium
420 2871 624 2912 nauicula
676 2872 860 2925 fugiens,
901 2872 1053 2913 dedita

394 3002 406 3024 ¹
432 3008 598 3046 tyrorum
621 3013 628 3036 :
648 3002 691 3036 R.

956 3000 970 3022 ²
996 3002 1083 3036 vide
1101 3013 1135 3048 p.
1156 3010 1210 3048 54.

991 192 1094 225 MAI
1095 192 1164 227 US.

1110 284 1245 324 opera
1275 269 1318 311 in
1351 269 1576 312 occursum
1609 269 1650 311 se
1682 268 1909 323 insequen-

1110 329 1222 369 tium
1252 328 1442 369 recurrit.
1503 327 1549 369 A
1581 328 1741 382 quibus
1777 327 1909 368 inter-

1112 387 1255 440 rogati
1296 386 1371 440 qui
1409 399 1508 427 cum
1547 399 1600 427 eo
1636 391 1772 434 erant,
1800 384 1906 438 quid

1112 444 1168 484 de
1205 443 1449 485 Athanasio
1489 443 1774 497 accepissent?
1818 454 1907 483 non

1112 501 1244 556 longe
1286 501 1425 555 ipsum
1464 508 1642 543 euntem
1680 500 1721 542 se
1756 499 1908 551 vidisse

1114 559 1440 613 responderunt.
1492 558 1646 612 Atque
1672 559 1734 599 ita
1756 557 1840 598 illis
1861 557 1905 599 in

1112 617 1330 658 diuersum
1365 617 1670 658 festinantibus
1703 615 1908 657 Athana-

1113 675 1195 716 sius
1222 675 1365 716 euasit.
1428 673 1516 729 Qui
1538 688 1627 715 non
1650 673 1791 715 multo
1812 672 1908 727 post

1113 732 1440 774 Alexandriam
1475 733 1659 780 rediens,
1691 732 1778 773 alia
1811 731 1908 772 sub-

1111 796 1208 832 orta
1229 790 1490 844 tempestate
1511 790 1594 843 .iiij.
1625 789 1842 831 mensibus
1864 789 1908 830 in

1112 854 1299 902 paterno
1316 848 1541 902 sepulchro
1563 847 1749 889 delituit.
1791 847 1910 888 Tan-

1111 907 1214 947 dem
1243 906 1310 947 his
1339 906 1652 960 permultisque
1679 905 1776 959 alijs
1798 905 1910 959 peri-

1113 964 1222 1005 culis
1273 964 1425 1005 diuina
1472 977 1558 1017 ope
1599 963 1822 1013 liberatus,
1863 963 1907 1004 in

1113 1022 1346 1076 episcopali
1379 1022 1452 1062 sua
1484 1021 1583 1063 sede
1617 1027 1816 1062 mortuus
1849 1019 1911 1062 est

1114 1080 1334 1121 miraculis
1371 1079 1526 1128 clarus,
1561 1093 1662 1120 cum
1698 1092 1797 1120 eam
1834 1078 1910 1120 sex

1112 1143 1157 1179 et
1186 1138 1482 1191 quadraginta
1511 1151 1651 1178 annos
1684 1151 1762 1191 per
1791 1137 1911 1178 varia

1112 1197 1354 1237 certamina
1424 1195 1611 1246 rexisset,
1682 1194 1910 1248 multaque

1110 1267 1245 1308 opera
1266 1251 1507 1295 doffiffime
1529 1252 1843 1308 composuisset.

1170 1369 1214 1416 ([
1252 1367 1452 1409 Inuentz'o
1472 1367 1640 1420 sanblae
1666 1367 1804 1409 crucis
1833 1367 1912 1408 du-

1101 1426 1206 1480 plex
1224 1425 1380 1467 maius.
1428 1425 1511 1466 Ad
1527 1425 1727 1479 vesperas.
1773 1425 1913 1479 Hym-

1112 1498 1202 1525 nus.

1170 1560 1351 1603 Vexilla
1375 1562 1490 1615 regis
1498 1559 1522 1602 ².

1430 1658 1592 1700 Oratio.

1122 1734 1313 1817 DEus,
1340 1734 1415 1787 qui
1448 1734 1490 1774 in
1524 1733 1736 1787 praeclara
1767 1733 1914 1776 saluti·

1225 1792 1327 1832 ferae
1350 1792 1489 1832 crucis
1511 1792 1769 1833 inuentione
1790 1793 1914 1846 passi-

1114 1850 1210 1890 onis
1262 1856 1350 1890 tuae
1402 1849 1613 1890 miracula
1655 1850 1863 1891 suscitasti
1907 1866 1916 1891 z

1114 1907 1321 1956 concede,
1356 1914 1403 1948 vt
1439 1908 1586 1948 vitalis
1624 1907 1731 1961 ligni
1767 1909 1915 1961 precio

1115 1971 1293 2006 aeternae
1321 1966 1424 2006 vitae
1453 1965 1658 2018 suffragia
1679 1966 1916 2020 consequa-

1117 2037 1214 2064 mur
1235 2039 1243 2064 :
1267 2023 1355 2077 Qui
1377 2024 1488 2064 viuis
1512 2030 1556 2064 et
1579 2037 1737 2077 regnas
1760 2023 1836 2066 &Q

1117 2137 1161 2182 (Ι
1180 2135 1263 2175 Ad
1275 2135 1551 2176 matutinum.
1575 2134 1914 2178 z'7zuz‘tatorz'um³.

1175 2221 1392 2263 Christum
1451 2236 1600 2276 regem
1653 2222 1914 2264 crucifixum

1116 2280 1264 2321 venite
1287 2279 1523 2321 adoremus
1545 2280 1766 2322 halleluia.

1409 2392 1623 2446 Hymnus.

1129 2469 1313 2552 Ustris
1351 2469 1427 2510 sex
1469 2470 1544 2523 qui
1588 2470 1675 2510 iam
1719 2467 1916 2523 peraE'fis,

1241 2527 1441 2580 Tempus
1469 2527 1657 2580 implens
1685 2528 1879 2580 corporis
1909 2541 1918 2568 ε

1122 2584 1180 2626 Se
1204 2584 1383 2625 volente
1407 2592 1536 2625 natus
1559 2584 1704 2626 adhoc
1736 2585 1918 2626 Passioni

1121 2643 1298 2683 deditus
1324 2656 1332 2683 :
1355 2642 1515 2695 Agnus
1539 2643 1581 2682 in
1605 2656 1732 2683 cruce
1750 2642 1921 2684 leuatur

1125 2700 1432 2741 Immolandus
1457 2700 1611 2753 stipite.

1186 2758 1272 2798 Hic
1287 2764 1472 2807 acetum,
1489 2757 1558 2807 fel,
1573 2758 1753 2807 arundo,
1763 2757 1918 2812 Sputa,

1124 2815 1251 2865 claui,
1287 2814 1440 2856 lancea
1477 2816 1589 2856 Mite
1629 2829 1789 2869 corpus
1823 2829 1920 2869 per-

1123 2872 1300 2921 foratur,
1340 2872 1531 2926 Sanguis
1571 2872 1689 2913 vnda
1730 2872 1919 2926 profluit,

1489 3002 1502 3023 ³
1527 3002 1588 3038 die
1605 3029 1613 3037 .
1618 3012 1649 3047 3.
1668 3005 1710 3038 in
1728 3014 1774 3038 m.
