2066 3392
624 454 678 501 Π
709 456 871 492 Tabula¹
891 457 1092 492 literarum
1110 458 1407 496 dominicalium.

230 537 369 574 c²b
469 551 494 585 g
589 540 607 575 f
699 551 719 575 e
816 541 839 575 d
936 542 961 577 b
1057 542 1091 576 A
1187 554 1212 587 g
1307 543 1324 577 f
1415 545 1439 579 d
1537 557 1556 580 c
1652 546 1677 581 b
1772 545 1806 580 A

218 587 724 715 ἱῖἓᾱὲΑ
811 599 836 680 ἑ
931 635 950 670 f
1056 647 1082 718 Ξ
1185 602 1319 672 cl}
1407 639 1441 673 A
1534 650 1559 721 gfff
1654 605 1806 674 eii

248 766 303 812 (I
346 770 390 804 In
424 770 553 804 tabula
586 769 832 816 suprascripta
856 771 1003 806 literam
1034 771 1296 807 dominicalem
1325 772 1475 817 singulis
1508 774 1617 808 annis
1641 774 1713 809 hoc
1742 773 1855 819 padio

172 815 354 851 inuenies.
367 816 546 862 3primam
565 817 739 859 litteram,
755 829 840 862 quae
857 817 907 852 est
926 830 945 853 c
964 819 1085 853 tribue
1103 830 1203 854 anno
1217 828 1332 864 ,1535.
1347 819 1553 866 sequentes,
1568 832 1652 866 quae
1665 821 1747 855 sunt
1759 822 1793 856 b.
1808 821 1852 855 A.

172 864 293 898 tribue
306 875 405 898 anno
419 863 552 908 ,15363
569 864 691 909 sicque
709 864 888 909 deinceps
906 865 1130 910 progredere
1148 866 1338 912 quousque
1356 867 1553 912 peruenias
1571 869 1618 902 ad
1637 867 1855 903 numerum4

173 910 262 945 anni
281 911 387 946 cuius
405 910 553 945 literam
571 911 661 945 scire
679 911 747 954 vis,
767 913 854 956 quia
871 912 978 946 litera
995 912 1102 957 super
1120 924 1233 958 quarn
1251 914 1351 948 cadit
1370 925 1546 949 numerus
1565 915 1661 950 illius
1679 915 1767 949 anni
1785 915 1855 951 erit

171 958 280 993 litera
298 957 551 993 dominicalis.
603 958 699 1002 Quae
717 958 740 992 fi
758 960 869 994 vnica
887 960 1088 994 occurrerit
1111 971 1254 994 annum
1272 971 1507 995 communem
1528 962 1597 996 esse
1615 961 1811 1007 intelliges,
1829 962 1852 996 fi

171 1005 308 1050 duplex
340 1005 567 1041 bissextilem.
619 1006 668 1040 Et
701 1012 790 1040 tunc
821 1006 922 1051 prior
951 1006 1002 1041 .id
1028 1007 1088 1041 est.
1122 1006 1286 1052 superior
1318 1008 1430 1053 vsque
1462 1008 1510 1043 ad
1537 1009 1667 1043 festum
1695 1009 1854 1044 Mathiae

172 1052 326 1096 apostoli
349 1052 541 1087 deseruiet.
595 1053 753 1087 Inferior
774 1060 902 1088 autem
927 1053 975 1087 ad
1002 1054 1185 1099 reliquam
1209 1054 1296 1089 anni
1322 1061 1469 1100 partem
1494 1055 1852 1092 accommodabitur.

173 1099 364 1134 sciendum
383 1105 509 1134 autem
527 1099 628 1145 quod
646 1099 761 1134 finitis
779 1100 846 1135 .28.
866 1101 976 1135 annis
997 1101 1231 1136 redeundum
1255 1102 1304 1136 est
1323 1102 1371 1137 ad
1389 1102 1614 1148 principium
1632 1114 1719 1139 cum
1742 1103 1852 1139 annis

170 1153 260 1182 tunc
279 1146 523 1182 currentibus.

790 1260 843 1305 (I
867 1263 1027 1297 Aureus
1043 1274 1237 1300 numerus.

241 1352 328 1388 xvi.⁵
344 1352 427 1388 xvii.
445 1353 543 1388 xviii.
563 1352 633 1388 xix.
653 1353 674 1387 i.
695 1353 729 1388 ii.
750 1352 798 1388 iii.
819 1353 882 1396 iiii„
902 1366 934 1389 v.
953 1354 999 1389 vi.
1018 1354 1079 1389 vii.
1098 1354 1172 1389 viii.
1193 1355 1237 1390 ix.
1257 1368 1289 1390 x.
1308 1355 1353 1390 xi.
1373 1355 1431 1390 xii.
1451 1356 1524 1391 xiii.
1544 1356 1614 1391 xiv.
1633 1369 1690 1391 xv.

247 1447 299 1493 (I
327 1450 446 1485 Simili
461 1450 575 1485 modo
589 1456 628 1484 vt
642 1448 785 1485 dietum
799 1451 849 1485 est
867 1450 913 1485 de
930 1451 1038 1485 litera
1055 1451 1271 1487 dominicali
1290 1452 1549 1497 deprehendes
1567 1454 1680 1488 etiam
1697 1465 1852 1490 aureum
1895 1475 1897 1477 >

170 1508 368 1533 numerum
402 1497 440 1531 in
467 1497 711 1543 suprascripta
735 1508 975 1533 numerorum
1001 1498 1101 1533 serie.
1154 1500 1255 1533 Nam
1289 1500 1453 1544 primurn
1478 1512 1684 1544 numerum,
1711 1502 1774 1547 qui
1801 1503 1851 1538 est

169 1545 267 1580 ⁶.xvi.
298 1545 418 1579 tribue
452 1556 552 1579 anno
591 1553 689 1588 1535.
743 1545 973 1590 Sequentem
1007 1546 1070 1590 qui
1104 1546 1154 1580 est
1184 1546 1278 1580 .xvii.
1306 1547 1427 1581 tribue
1452 1559 1552 1582 anno
1579 1548 1711 1592 ,153ὁόΞ
1736 1555 1773 1584 et
1803 1550 1850 1584 fic

171 1592 348 1636 deinceps
372 1591 492 1626 donec
516 1592 565 1627 ad
584 1603 725 1626 annum
743 1597 848 1626 tuum
867 1593 1072 1637 peruenias.
1091 1599 1128 1628 et
1145 1593 1260 1628 finitis
1277 1603 1344 1638 ‚19.
1364 1594 1474 1628 annis
1497 1596 1693 1640 regredere
1715 1596 1848 1631 iterum

169 1640 218 1675 ad
236 1638 470 1685 principium.

757 1766 812 1812 ([
835 1769 1136 1805 Nouiluniorum
1154 1781 1284 1807 canon.

244 1851 299 1897 {I
326 1853 573 1888 Nouilunium
595 1853 744 1898 fingulis
765 1854 950 1889 menfibus
972 1855 1018 1889 fic
1042 1855 1231 1900 reperitur.
1286 1856 1429 1891 Habito
1447 1868 1560 1892 aureo
1578 1869 1734 1893 numero
1759 1859 1849 1895 anni

169 1902 223 1938 tui
240 1901 453 1946 Vbicunque
478 1901 539 1936 ille
560 1901 598 1935 in
620 1901 750 1935 ordine
774 1901 877 1936 aurei
905 1903 1049 1936 numeri
1075 1903 1112 1936 in
1140 1903 1354 1938 calendario
1376 1904 1490 1949 pofito
1509 1905 1575 1939 tibi
1595 1906 1807 1949 occurrerit,
1825 1918 1848 1942 a

169 1951 254 1985 loco
280 1949 377 1983 illius
400 1947 474 1983 diei
495 1948 598 1982 iuxta
618 1948 722 1993 pofiti
746 1948 977 1993 sequentium
1001 1950 1199 1984 verborum
1223 1950 1382 1994 syllabas
1404 1951 1541 1985 sursum
1563 1959 1749 1997 computa.
1803 1955 1848 1988 In

170 1996 276 2032 eoelis
302 1996 352 2030 est
382 1995 453 2030 hic.
504 1995 704 2040 vnicuique
731 1995 803 2030 diei
830 1997 1155 2031 accommodando
1182 1997 1360 2041 syllabam
1386 2009 1510 2033 vnam.
1563 1998 1747 2045 Diesque⁷
1772 1999 1844 2045 ille,

168 2045 277 2090 supra
294 2053 405 2088 quem
422 2042 570 2087 syllaba.
589 2043 662 2086 hic,
681 2042 858 2078 ceciderit
877 2043 957 2077 dies
975 2044 1026 2078 est
1044 2044 1236 2089 nouilunij.

232 2300 244 2321 ¹
274 2302 445 2339 Tabulam,
476 2313 615 2334 aureum
647 2313 837 2341 numerum,
871 2307 900 2334 et
933 2313 1089 2335 canonem
1121 2303 1374 2335 noviluniorum
1409 2304 1503 2336 addit
1531 2305 1572 2336 P.
1603 2304 1675 2347 pest
1704 2306 1848 2348 Regulus

165 2346 343 2386 generales.
397 2346 476 2377 Vide
498 2356 533 2387 p.
551 2345 638 2377 xxxi.

236 2389 248 2408 2
271 2389 346 2420 Has
367 2389 480 2420 literas
503 2399 520 2421 c
543 2394 573 2421 et
595 2389 612 2420 f
629 2390 752 2421 omittit
773 2390 825 2421 hic
847 2390 888 2421 P.
907 2390 966 2421 sed
984 2401 1036 2421 eas
1054 2395 1127 2432 post
1148 2390 1190 2423 A.
1218 2401 1251 2433 g.
1271 2390 1305 2422 d.
1327 2391 1454 2431 inserit,
1482 2391 1498 2422 s
1516 2391 1553 2422 in
1570 2391 1739 2432 superiore,
1767 2403 1785 2424 c
1807 2393 1844 2424 in

171 2433 326 2474 inferiore
340 2433 439 2464 linea.

235 2474 288 2495 3-3
310 2476 433 2518 primas
465 2475 576 2508 literas
610 2487 675 2518 que
707 2475 780 2508 sunt
815 2476 837 2508 b
865 2476 898 2508 A
922 2476 1029 2509 tribue
1053 2487 1152 2508 anno.
1182 2476 1276 2518 1536.
1323 2477 1513 2519 sequentem
1536 2488 1601 2520 que
1624 2477 1669 2510 est
1692 2488 1716 2520 g
1737 2479 1845 2511 tribue

171 2530 270 2551 anno.
293 2529 385 2561 1537.
405 2529 412 2549 ι
438 2521 473 2551 P.

234 2562 248 2581 ⁴¹
271 2574 481 2594 numerorum
510 2575 518 2595 :
544 2563 585 2594 R.

237 2606 250 2625 ⁵
275 2607 342 2638 Hic
357 2607 481 2637 omz'ltil
494 2607 535 2638 P.
553 2617 731 2638 numerum
748 2617 890 2638 aureum
907 2606 972 2638 xvi.
991 2606 1046 2638 sed
1056 2617 1129 2638 eum
1139 2611 1215 2648 post
1230 2618 1272 2638 xv
1284 2607 1410 2639 inserit.

235 2648 287 2669 6-6
309 2650 375 2680 xvii
399 2650 506 2682 tribue
529 2660 628 2682 anno.
653 2650 745 2692 1536.
792 2651 993 2692 Sequentem
1018 2650 1074 2692 qui
1098 2650 1142 2682 est
1168 2650 1270 2683 .xviii.
1299 2651 1407 2683 tribue
1429 2661 1528 2683 anno.
1560 2660 1651 2693 1537.
1684 2663 1691 2684 τ
1717 2652 1753 2684 P.

236 2692 248 2713 ⁷
272 2693 353 2724 Dies
380 2704 386 2724 :
415 2694 449 2724 P.
