2066 3392
1025 228 1123 269 xxii

388 357 433 403 ΙΙ
470 353 680 398 Officium
713 354 857 396 beatae
888 353 1070 408 virginis
1101 353 1411 408 quotidianum
1444 365 1533 394 non
1570 351 1742 406 legitur,
1772 350 1845 392 sed

301 423 400 466 loco
449 424 541 466 eius
590 425 647 466 ad
696 421 930 478 vesperas¹,
972 429 1016 464 et
1064 423 1334 464 matutinum
1383 421 1432 464 fit
1479 420 1846 463 commemoratio

299 493 511 547 quotidie,
544 498 589 534 et
626 492 833 534 omnibus
869 491 1061 533 sabbatis
1094 497 1239 533 totum
1276 490 1470 532 officium
1507 490 1652 532 eidem
1684 488 1845 543 virgini

300 563 544 617 praestatur,
567 562 642 604 nifi
665 562 821 603 festum
844 562 1059 603 inciderit.

387 632 454 681 Ἦ
489 632 704 675 Similiter
730 631 923 673 officium
956 630 1265 673 defumstorum
1298 644 1387 672 non
1418 630 1580 672 dicitur
1606 629 1683 671 nis1
1712 627 1845 670 semel

300 707 476 743 tantum
500 702 543 742 in
573 701 760 742 crastino
790 701 990 741 omnium
1020 698 1283 751 sanctorum,
1307 699 1378 741 sed
1407 699 1583 753 singulis
1612 698 1768 740 diebus
1796 697 1847 739 fit

302 771 515 812 memoria
558 772 615 812 de
656 770 756 824 ipfis
792 770 1074 811 terminando
1108 769 1298 823 fingulas
1330 769 1461 810 horas
1498 782 1586 823 per.
1622 767 1844 809 Fidelium

301 841 464 881 animae
487 839 586 882 etc.2

389 912 434 957 (I
462 910 616 950 Habet
637 908 733 950 haec
755 908 980 963 praecandi
1004 908 1115 949 ratio
1136 913 1225 948 tres
1247 906 1470 948 maximas
1491 905 1847 947 commoditates.

302 978 497 1020 Primam
535 978 656 1032 quod
693 978 976 1032 precantibus
1012 975 1136 1018 fimul
1177 976 1418 1029 acquiritur
1453 974 1677 1029 Vtriusque
1715 973 1847 1016 testa-

304 1048 442 1088 menti
471 1046 639 1100 peritia.
704 1046 971 1095 Secundam,
993 1045 1114 1099 quod
1143 1058 1211 1086 res
1239 1043 1300 1085 est
1321 1043 1645 1097 expeditiffima
1665 1048 1847 1097 propter

304 1116 522 1157 summam
575 1115 741 1157 ordinis
792 1114 1128 1169 simplicitatem,
1170 1120 1215 1155 et
1265 1113 1526 1155 nonnullam
1570 1113 1846 1154 breuitatem.

302 1184 516 1235 Tertiam,
538 1185 658 1239 quod
679 1183 869 1225 historiae
891 1181 1140 1224 sanctorum
1170 1182 1282 1223 nihil.
1306 1182 1483 1232 habent,
1504 1187 1552 1223 vt
1573 1181 1704 1235 prius,
1727 1180 1846 1235 quod

301 1268 461 1309 graues
503 1260 548 1296 et
589 1251 744 1295 do<stas
785 1267 912 1294 aures
954 1252 1164 1295 offendat.
1227 1252 1316 1293 Hic
1358 1257 1508 1293 autem
1549 1251 1610 1293 est
1645 1251 1767 1300 ordo,
1802 1255 1848 1291 et

303 1324 513 1378 precandi
537 1324 661 1365 ratio.

885 1519 968 1562 Ad
993 1520 1272 1562 matutinum.

391 1644 436 1690 ([
463 1642 596 1682 Pater
617 1640 762 1682 noster
783 1639 880 1682 etc.³
923 1639 1151 1682 Confiteor
1172 1640 1257 1681 deo
1280 1639 1357 1682 &a
1399 1638 1595 1680 Domine
1615 1637 1733 1679 labia
1750 1651 1849 1679 mea

302 1710 427 1754 ⁴cum
450 1712 570 1766 figno
592 1708 763 1752 crucis⁴.
817 1710 941 1751 Deus
962 1710 1006 1750 in
1029 1709 1298 1750 adiutorium
1321 1714 1400 1750 etc.
1460 1708 1635 1749 Deinde
1657 1707 1850 1762 sequitur

305 1781 611 1824 inuitatorium
640 1780 831 1834 tempori
863 1779 934 1820 seu
968 1778 1074 1820 sesto
1109 1778 1389 1820 conueniens.
1451 1778 1660 1827 Psalmus,
1686 1778 1850 1820 Venite

305 1850 571 1892 exultemus.
596 1849 673 1891 &c.
695 1849 739 1889 in
769 1848 892 1889 cuius
922 1846 1010 1888 fine
1033 1847 1274 1888 dumtaxat
1296 1846 1600 1888 inuitatorium
1624 1848 1847 1900 repetitur,

305 1935 393 1962 non
429 1926 578 1961 autem
613 1919 656 1959 in
691 1918 851 1960 medio.
914 1918 1032 1959 Tum
1069 1917 1262 1971 hymnus
1299 1916 1554 1958 destinatus.
1616 1916 1717 1958 Post
1752 1916 1849 1958 haec

306 1990 394 2031 fine
425 1988 672 2043 antiphona
712 1987 919 2041 leguntur
958 1993 1046 2028 tres
1089 1987 1255 2041 psalmi,
1296 1987 1458 2027 deinde
1490 1984 1703 2027 lectiones
1747 1992 1848 2037 treS‚

305 2072 494 2113 quarum
534 2071 723 2112 quaeque
764 2057 971 2111 incipitur
1005 2054 1032 2097 a
1067 2053 1386 2105 benedifitione
1419 2060 1463 2096 et
1498 2055 1653 2096 definit
1688 2055 1743 2105 in,
1778 2055 1848 2096 Tu

306 2134 455 2170 autem
478 2128 658 2169 domine
681 2132 760 2168 etc.

395 2195 652 2239 Benedictio
693 2201 796 2237 ante
836 2195 1025 2249 primam
1068 2193 1316 2241 leffionem,
1359 2207 1459 2247 quae
1506 2192 1567 2234 est
1614 2207 1672 2234 ex
1713 2192 1850 2235 veteri

306 2266 581 2314 testamento,
626 2265 749 2306 Deus
786 2270 913 2318 pater
953 2263 1245 2317 omnipotens.
1290 2262 1366 2303 810.
1437 2261 1562 2302 Ante
1602 2261 1850 2311 secundam,

306 2351 406 2391 quae
440 2350 498 2377 ex
535 2348 666 2383 nouo,
697 2333 963 2387 Vnigenitus
999 2333 1069 2374 dei
1102 2338 1183 2373 etc.
1244 2331 1397 2372 Tertia
1429 2329 1560 2372 leffio
1595 2330 1655 2372 est
1687 2329 1756 2371 vel
1790 2344 1850 2371 ex

306 2404 493 2457 historijs
535 2401 785 2444 sanaorum
827 2415 927 2442 cum
968 2401 1063 2442 dies
1111 2400 1172 2442 est
1217 2400 1359 2450 festus,
1401 2405 1446 2440 et
1492 2404 1598 2440 tunc
1639 2399 1850 2453 praecedit

307 2470 567 2522 beneditfftiQ
611 2470 748 2513 Cum⁵
789 2470 944 2511 festum
986 2469 1170 2511 colimus
1211 2475 1303 2510 ‚etc.
1344 2467 1413 2509 vel
1454 2482 1513 2509 ex
1554 2467 1744 2521 epistolis
1779 2466 1850 2508 vel

308 2541 417 2584 actis
464 2540 760 2595 apostolorum
810 2539 1062 2593 repetendo,
1102 2544 1147 2580 et
1193 2543 1300 2579 tunc
1339 2537 1550 2591 praecedit
1590 2533 1851 2585 benediCtiQ

310 2610 498 2664 Spiritus
543 2606 679 2649 santffti
726 2608 869 2661 gratia
917 2613 997 2649 etc.
1060 2607 1112 2647 In
1162 2605 1352 2646 sabbatis
1400 2611 1548 2646 autem
1597 2604 1640 2644 in
1689 2604 1850 2657 quibus

308 2678 542 2720 tribuimus
590 2676 783 2718 officium
832 2675 976 2716 beatae
1024 2674 1193 2728 virgini,
1243 2674 1402 2715 dicitur
1448 2670 1706 2714 benedictio.
1769 2672 1852 2713 Per

308 2746 522 2800 virginem
572 2751 760 2786 matrem
809 2750 890 2786 etc.
951 2743 1051 2785 Post
1098 2743 1273 2784 tertiam
1322 2739 1555 2782 lectionem
1605 2741 1670 2781 Te
1717 2741 1850 2781 deum

309 2816 552 2864 laudamus,
595 2814 717 2854 cuius
759 2813 857 2855 loco
898 2814 942 2854 in
985 2814 1192 2862 aduentu,
1232 2817 1276 2853 et
1321 2810 1653 2865 quadragefima
1693 2810 1852 2851 dicitur

358 2969 371 2991 1
396 2967 591 3013 vesperam
613 2978 619 3000 :
639 2968 688 3001 R.
710 2968 752 3001 P.
770 2966 813 3001 A.
1160 2963 1175 2986 3
1193 2975 1279 2999 cum
1291 2963 1390 3008 figno
1405 2961 1525 2997 crucis
1543 2973 1550 2997 :
1569 2961 1663 2996 ΚΑ.

357 3015 421 3037 2‘2
446 3015 546 3049 omit.
562 3013 624 3048 lzic
642 3015 684 3048 R.
701 3014 743 3047 A.
750 3013 827 3058 sed
840 3013 927 3048 vide
940 3011 1045 3057 infra
1160 3010 1223 3033 4‘4
1248 3011 1314 3045 &c.
1340 3022 1346 3045 :
1367 3011 1410 3044 R.
1429 3009 1473 3044 A.

310 3077 344 3110 p.
367 3062 458 3097 xxxi.
1161 3057 1175 3080 ⁵
1201 3058 1317 3093 Cuius
1340 3068 1346 3091 :
1367 3058 1411 3091 R.
1433 3057 1471 3091 P.
1491 3055 1534 3089 A.
