2066 3392
234 177 291 220 42

235 261 280 307 {1
318 254 563 300 Secundum
599 252 834 297 Ioannem².
895 253 1040 295 Lemo

531 313 732 367 ficunda.

236 389 527 473 VE-nerunt
540 401 645 441 ergo
660 385 914 453 {ministri-ad
933 398 1039 439 pon·

339 446 478 489 tifices
492 451 536 487 et
550 445 800 499 pharisaeos.
811 476 820 486 .
831 457 933 485 .1am
948 456 1041 484 arn-

235 505 351 560 plius
372 504 463 546 noli
484 516 677 558 peccare.

237 599 282 646 (I
304 595 437 638 Feria
458 595 534 650 jis.
581 595 658 660 Esr
681 592 855 648 Genqffl.
896 591 1042 635 Leaio

554 660 717 707 prima.

243 728 536 812 POstquam
572 741 676 770 vero
713 726 958 779 nonaginta
998 730 1042 766 et

335 799 495 827 nouem
513 798 729 827 annorum
747 784 830 825 esse
847 788 1043 838 coeperat

241 844 460 899 ...pariter
479 842 699 885 circuncifi
722 842 831 884 sunt.

238 938 284 983 ΙΙ
303 933 546 976 Secundum
559 930 797 974 Ioannem³.
826 931 973 973 Lenia
986 930 1043 985 .zj.

182 1028 185 1030 >
247 1009 457 1092 ITerum
501 1021 607 1074 ergo
651 1006 825 1047 locutus
873 1005 934 1047 est
981 1006 1044 1047 eis

323 1067 454 1117 Iesus,
490 1066 652 1115 d1cens‚
685 1065 785 1118 Ego
827 1064 920 1105 sum
963 1063 1044 1104 lux

240 1123 584 1167 mundi...multi
649 1123 930 1164 crediderunt
1000 1122 1043 1162 in

240 1197 353 1225 eum.

571 1271 637 1280 ιιι.

238 1345 403 1386 cunque
421 1330 584 1386 festum
620 1336 815 1371 occurrat
846 1329 977 1370 etiam
1000 1328 1047 1382 si

230 1390 297 1444 fit
334 1389 490 1442 duplex
532 1388 704 1429 lzabebit
745 1393 916 1429 tantum
963 1393 1046 1428 ter-

245 1447 352 1489 tiam
397 1446 622 1496 lec‘tionem,
667 1451 709 1486 et
752 1445 869 1486 nz'lzil
905 1445 1044 1486 aliud.

243 1504 572 1547 Inuitatorium.
637 1503 787 1544 Hodie
824 1502 852 1543 s1
888 1516 1044 1545 vocem

245 1563 413 1604 domini
474 1562 713 1610 audieritis,
774 1560 911 1602 nolite
967 1561 1045 1602 ob-

245 1621 403 1662 durare
445 1620 580 1661 corda
617 1619 771 1660 vestra.
843 1618 941 1659 Hoc
981 1618 1046 1659 in-

243 1678 500 1720 uitatorium
543 1690 638 1718 cum
677 1676 861 1730 hymnis.
922 1675 1047 1718 Audi

246 1736 437 1790 benigne
486 1734 713 1777 Conditor.
761 1734 826 1775 ad
869 1734 1048 1775 matuti-

246 1792 372 1835 num¹¹
416 1799 458 1834 et
494 1792 642 1833 Aures
683 1792 741 1834 ad
781 1791 948 1833 nostras
990 1791 1053 1833 aa'

246 1851 446 1907 vegfperas,
481 1850 687 1892 dicuntur
722 1849 850 1903 vsque
881 1849 946 1890 ad
975 1850 1046 1891 a’o-

247 1909 453 1951 minicam
486 1908 537 1949 de
557 1908 745 1962 paffione
770 1908 974 1961 exclusiue
1002 1908 1049 1949 in

247 1966 484 2015 dominicis,
505 1972 547 2007 et
563 1965 702 2019 ferijs
731 1965 814 2019 nisi
836 1966 1050 2019 agendum

235 2025 301 2079 fit
319 2025 370 2066 a'e
389 2024 534 2078 aliquo
543 2024 706 2077 santio.

540 2108 755 2162 Hymnus.

249 2184 401 2269 AVdi
430 2184 622 2237 benigne
650 2182 854 2249 conditor
885 2183 1052 2225 nostras

362 2256 513 2296 preces
535 2254 635 2282 cum
658 2241 836 2282 flet1bus
860 2254 869 2282 :
893 2241 945 2282 In
969 2241 1052 2283 hoc

250 2299 369 2365 sacro
414 2299 576 2341 ieiunio
623 2298 758 2340 Fusas
805 2300 1054 2354 quadrage-

250 2371 541 2457 narsigmator
581 2413 699 2455 alme
734 2413 935 2455 cordium
980 2414 1053 2456 In-

251 2472 377 2514 firma
404 2478 453 2514 tu
486 2472 564 2513 scis
596 2472 754 2512 virium
781 2485 790 2513 ι
813 2472 888 2513 Ad
918 2478 963 2514 te
989 2486 1054 2514 re-

250 2530 381 2596 uersls
428 2530 592 2571 exhibe
635 2529 913 2571 Remisfionis
954 2544 1054 2585 gra-

250 2594 505 2685 tlaffiultum
533 2644 713 2697 quidem
746 2645 1054 2698 peccauimus:

254 2702 343 2745 Sed
358 2715 490 2756 parce
503 2701 815 2744 confitentibus
836 2717 844 2744 :
868 2702 943 2745 Ad
963 2703 1055 2746 lau-

324 2834 336 2856 1
362 2833 436 2879 [vii.
454 2834 622 2878 45—viii.
647 2833 715 2880 11.]

323 2881 337 2902 ²
364 2882 427 2916 Ca.
452 2890 490 2923 17
510 2882 550 2915 in
568 2893 613 2915 m.
634 2880 732 2927 [xvii.
757 2882 896 2929 1—27.]

323 2928 337 2950 ³
362 2926 449 2973 [viii.
474 2927 636 2973 12—30.]

323 2974 337 2996 4
362 2974 565 3009 matutinas
588 2987 594 3010 :
618 2976 655 3010 P.

517 177 670 211 FERIA
705 176 767 220 JJ.
802 174 1077 209 DOMINICAE
1106 172 1171 206 IN
1197 172 1630 214 QUINQUAGESJMA.

1110 251 1212 293 dem
1228 251 1292 293 tui
1311 251 1502 293 nominis
1517 249 1682 295 Confer
1694 247 1914 291 medelam

1110 309 1346 362 languidis.

1170 366 1245 409 Sic
1265 380 1426 421 corpus
1442 372 1574 408 extra
1595 365 1764 409 conteri
1783 364 1917 406 Dona

1111 438 1190 479 per
1244 424 1555 466 abstinentiam
1596 440 1605 466 :
1643 424 1817 465 Ieiunet
1866 426 1916 463 vt

1113 495 1237 524 mens
1255 482 1396 525 sobria
1412 482 1458 524 A
1472 482 1573 524 labe
1586 481 1759 536 prorsus
1772 479 1918 522 crimi-

1111 553 1231 582 num.

1170 597 1317 640 Presta
1343 595 1476 639 beata
1506 597 1680 639 trinitas
1709 593 1917 639 Concede

1111 654 1298 709 simplex
1326 656 1472 697 vnitas
1498 656 1563 697 Vt
1590 653 1810 696 fruStuosa
1835 652 1918 694 sint

1111 713 1198 754 tuis
1223 713 1493 755 Ieiuniorum
1516 726 1711 754 munera.
1753 711 1915 752 Amen.

1206 822 1251 868 ΙΙ
1284 820 1362 862 Ex
1384 819 1559 874 Genesi⁶.
1621 818 1768 867 Leblio
1785 817 1830 874 j.

1138 911 1161 971 ξ’
1194 910 1226 971 Ξ,
1250 913 1431 968 Pparuit
1462 918 1612 953 autem
1640 911 1680 952 ei
1711 909 1920 952 dominus

1133 983 1138 993 '
1180 982 1189 1004 f
1221 978 1226 990 ’·
1277 973 1322 1013 in
1352 969 1554 1012 conualle
1587 968 1920 1011 Mambre...re-

1114 1032 1266 1074 uersus
1289 1029 1350 1071 est
1371 1029 1415 1070 in
1437 1028 1585 1069 locum
1607 1027 1744 1068 suum.

1115 1142 1160 1188 (I
1179 1136 1423 1180 Secundum
1436 1131 1684 1183 Joannem‘.
1705 1132 1850 1176 Lectio
1863 1131 1921 1187 ,z'j.

1122 1211 1365 1298 DIcebat
1391 1223 1499 1263 ergo
1527 1208 1647 1250 Iesus
1667 1208 1724 1249 ad
1746 1221 1823 1250 eos
1843 1207 1920 1262 qui

1237 1268 1520 1311 crediderunt
1575 1267 1626 1316 ei,
1685 1266 1917 1308 Iudaeos...

1114 1327 1175 1370 est
1196 1328 1271 1382 qui
1294 1331 1466 1381 quaerat
1487 1330 1532 1367 et
1554 1325 1734 1367 iudicet.

1171 1385 1245 1427 Ab
1264 1384 1344 1426 liae
1362 1384 1431 1425 die
1455 1383 1583 1436 vsque
1601 1382 1664 1423 ad
1677 1381 1848 1436 feriam
1870 1395 1921 1424 .v.

1115 1442 1162 1485 in
1184 1457 1282 1484 cena
1303 1441 1488 1484 Domini
1506 1440 1708 1494 exclusiue
1722 1439 1820 1495 post
1839 1446 1921 1481 ter-

1116 1501 1225 1543 tiam
1247 1501 1460 1543 lec‘tionem
1481 1499 1564 1540 loco
1584 1499 1651 1539 Te
1672 1498 1818 1540 deum.
1842 1496 1926 1552 mfi

1114 1566 1278 1613 agatur
1296 1558 1348 1599 de
1360 1557 1513 1611 santio
1532 1556 1697 1598 dicitur
1708 1555 1921 1610 psalmus.

1117 1617 1336 1659 Miserere.
1374 1615 1443 1669 fo.
1469 1616 1532 1667 58.

1440 1705 1605 1749 Oratio.

1176 1780 1338 1823 Praesta
1363 1780 1544 1823 domine
1571 1778 1779 1821 fidelibus
1803 1778 1892 1820 tuis
1915 1793 1925 1821 z

1116 1845 1164 1881 vt
1200 1839 1462 1881 ieiuniorum
1498 1837 1753 1879 veneranda
1785 1836 1924 1878 solen-

1119 1898 1193 1939 nia
1214 1903 1258 1939 et
1279 1910 1476 1950 congrua
1497 1896 1665 1950 pietate
1682 1894 1926 1949 suscipiant,

1119 1962 1164 1997 et
1197 1955 1344 2032 sqecura
1379 1954 1621 1996 deuotione
1656 1959 1925 2008 percurrant.

1121 2015 1233 2056 Per.

1177 2071 1234 2112 In
1254 2070 1335 2112 hac
1352 2075 1512 2124 quarta
1528 2068 1656 2122 feria
1675 2067 1867 2110 cinerum
1887 2074 1930 2110 et

1121 2128 1168 2171 in
1198 2128 1396 2170 omnibus
1413 2127 1552 2181 sextis
1569 2126 1709 2181 ferijs
1736 2126 1928 2180 quadra-

1114 2186 1287 2241 gqlimoe
1312 2186 1465 2241 finitis
1506 2185 1569 2226 ad
1605 2184 1754 2226 laudes
1780 2183 1928 2238 solitis

1121 2243 1589 2286 commemorationibus
1604 2242 1759 2297 statim
1780 2242 1928 2284 dicun-

1121 2309 1197 2345 tur
1229 2302 1396 2356 Septem
1423 2300 1600 2354 Psalmi
1616 2299 1931 2355 poenitentiales

1123 2360 1244 2402 modo
1266 2359 1552 2413 infrascripto.

1182 2418 1252 2458 Ne
1270 2417 1563 2459 reminiscaris
1573 2415 1754 2458 domine
1766 2413 1930 2457 delieca

1124 2475 1268 2517 nostra
1285 2491 1294 2516 :
1314 2474 1384 2517 vel
1403 2480 1639 2529 parentum
1656 2473 1902 2516 nostrorum
1921 2489 1930 2515 :

1124 2547 1269 2587 neque
1295 2531 1538 2574 vindi&am
1568 2531 1713 2573 sumas
1739 2531 1796 2573 de
1828 2545 1932 2586 pec-

1123 2591 1233 2632 catis
1255 2590 1420 2632 nostris.

1181 2648 1397 2701 Psalmus.
1431 2647 1626 2688 Domine
1642 2660 1698 2689 ne
1712 2646 1756 2688 in
1770 2645 1928 2689 furore.

1112 2706 1183 2760 so.
1209 2718 1230 2759 3
1237 2716 1274 2759 7.

1195 2839 1210 2861 ⁵
1236 2840 1310 2893 (ἓξ-ι...
1325 2839 1366 2874 18
1383 2839 1425 2873 in
1442 2850 1489 2873 m.
1509 2837 1622 2884 [xviii.
1646 2836 1787 2884 1-33.]

1195 2886 1210 2957 ξ
1235 2884 1521 2968 [rffssssdffin—nissxi
1542 2944 1548 2967 :
1568 2933 1606 2967 P.
1627 2932 1671 2967 A.
