2066 3392
242 176 322 218 186

560 268 722 311 Oratio.

245 342 436 425 DEus,
448 343 523 396 qui
541 357 621 385 nos
636 358 783 385 annua
795 343 1041 386 sanGtorum

360 408 606 454 martyrum
631 409 806 443 tuorum
825 403 893 445 .N.
911 409 956 444 et
973 402 1040 444 .N.

239 457 500 500 solennitate
542 459 740 501 laetificas
787 476 795 502 :
847 460 1041 502 concede

238 517 465 570 propitius,
494 523 542 558 vt
574 532 761 571 quorum
793 520 1040 572 gaudemus

239 575 404 615 meritis
446 577 741 617 accendamur
777 577 997 630 exemplis
1030 593 1038 618 :

238 646 327 686 per.

237 742 281 788 (I
318 739 355 781 S
358 739 377 781 i
382 740 563 793 fuerint
583 748 796 794 martyres
807 743 1038 797 pontifices.

556 816 719 859 Oratio.

247 891 537 973 BEatorum
581 899 826 944 martyrum
859 893 1040 947 pariter-

347 963 432 1002 que
474 950 733 1003 pontificum
776 951 843 992 .N.
886 957 931 992 et
971 952 1039 993 .N.

239 1021 319 1048 nos
341 1007 589 1061 quaesumus
612 1009 791 1049 domine
813 1009 919 1049 festa
944 1015 1039 1050 tue-

238 1071 380 1115 antur,
402 1072 445 1107 et
467 1080 619 1106 eorum
642 1068 927 1108 commendet
944 1081 1040 1108 ora-

185 1162 188 1165 .
238 1123 300 1164 tio
321 1125 572 1165 veneranda
601 1140 608 1165 z
629 1138 718 1178 per.

351 1231 390 1272 Α
400 1233 434 1273 a'
450 1233 649 1287 vesperas.
710 1234 927 1286 Hymnus.

246 1317 406 1398 REX
440 1318 625 1371 gloriose
658 1326 914 1373 martyrum,
954 1319 1038 1361 Co-

359 1390 468 1417 rona
499 1376 816 1427 confitentium,
847 1378 934 1432 Qui
959 1378 1040 1419 res-

237 1440 424 1488 puentes
466 1441 640 1476 terrena
685 1449 694 1476 ε

237 1492 439 1534 coelestia.

293 1550 464 1591 Aurem
536 1551 774 1606 benignam
836 1553 1036 1606 protinus

235 1607 432 1662 Appone
483 1609 636 1650 nostris
686 1610 883 1659 vocibus,
926 1611 1036 1651 Tro-

234 1666 364 1720 phaea
404 1666 521 1707 sacra
563 1668 809 1720 pangimus,
854 1668 1036 1722 Ignosce

235 1725 354 1778 quod
378 1724 686 1778 delinquimus.

293 1782 361 1823 Tu
387 1783 526 1823 vincis
558 1783 601 1823 in
634 1783 902 1837 martyribus
936 1785 1035 1825 Par-

235 1841 376 1881 cendo
410 1840 723 1882 confessoribus
760 1857 767 1882 :
807 1842 876 1883 Tu
909 1843 1035 1883 vince

235 1898 379 1939 nostra
412 1899 596 1940 crimina
634 1899 859 1941 Donando
891 1901 1034 1941 indul-

233 1957 442 2009 gentiam.

293 2014 391 2055 Deo
413 2016 527 2068 patri
550 2015 598 2056 fit
620 2015 759 2068 gloria
781 2022 861 2057 ete.

739 1436 944 1477 Perducis
979 1437 1035 1477 ad

317 2127 361 2172 11
400 2125 633 2168 Commune
660 2127 947 2180 corffffmun.

233 2219 277 2264 (I
310 2216 393 2257 Ad
415 2217 681 2258 matutinum
709 2217 1035 2260 quitatorium.

292 2303 463 2356 Regem
486 2302 776 2343 confessorum
804 2303 1034 2345 dominum

234 2361 380 2401 venite
402 2361 648 2401 adoremus.

526 2452 741 2505 Hymnus.

288 2538 374 2580 Esu
406 2552 568 2579 corona
599 2538 758 2588 celsior,
789 2539 848 2580 Et
873 2540 1035 2580 veritas

315 2597 540 2637 sublimior
562 2612 570 2637 ε
594 2596 682 2649 Qui
705 2596 932 2638 confitenti
952 2597 1034 2638 ser-

233 2654 336 2695 uulo
370 2655 539 2695 Reddis
570 2668 761 2708 perenne
789 2655 1032 2708 praemium.

292 2713 364 2753 Da
387 2712 647 2765 supplicanti
671 2714 805 2752 coetui
830 2712 1031 2754 Obtentu

232 2771 359 2811 huius
401 2770 557 2823 optimi
601 2771 911 2811 Remisfionem
954 2771 1033 2811 cri-

233 2828 402 2868 minum
438 2828 707 2881 Rumpendo
739 2842 907 2868 nexum
938 2829 1032 2869 vin-

232 2886 328 2926 culi.

290 2943 412 2983 Anni
455 2943 623 2984 recurso
669 2949 870 2996 tempore
923 2944 1030 2985 Dies

231 3001 380 3042 illuxit
413 3001 589 3050 lumine,
622 3001 724 3055 Quo
756 3000 928 3042 san6³ws
961 3002 1029 3043 hic

770 192 1023 225 COMMVNE
1052 191 1279 225 SANCTOR
1288 194 1366 225 VM.

1114 270 1170 310 de
1192 283 1374 324 corpore
1398 270 1553 313 Polum
1578 273 1785 326 migrauit
1802 288 1913 329 prae-

1114 333 1285 380 potens.

1174 385 1363 427 Proinde
1392 392 1436 428 te
1465 388 1649 441 pijsfime
1682 389 1916 431 Precamur

1113 456 1267 484 omnes
1299 444 1528 498 supplices,
1554 446 1616 487 Vt
1647 446 1776 489 huius
1807 447 1912 489 almi

1112 501 1256 554 gratia
1279 502 1421 543 Nobis
1444 504 1642 545 remittas
1664 505 1825 546 debita.

1172 559 1324 600 Gloria
1367 561 1481 614 patri
1524 562 1720 616 domino,
1761 563 1914 604 Gloria

1111 617 1339 670 vnigenito
1354 617 1454 659 Vna
1475 632 1574 659 curn
1589 617 1736 661 sancto
1746 620 1913 674 Spiritu

1114 674 1166 715 In
1190 675 1453 729 sempiterna
1476 676 1627 718 secula.
1690 677 1851 719 Amen.

1130 783 1175 828 (I
1211 781 1268 823 Sz·
1284 781 1434 835 fuerit
1452 783 1661 836 pontifex.
1725 783 1888 826 Oratio.

1120 854 1247 936 DA
1317 857 1567 910 quaesumus
1630 858 1913 912 omnipotens

1232 913 1340 955 deus
1381 929 1390 956 ε
1421 921 1469 956 vt
1500 915 1618 956 beati
1652 916 1718 957 .N.
1752 916 1915 958 confes-

1111 970 1213 1012 soris
1254 973 1318 1013 tui
1352 979 1487 1026 atque
1528 973 1750 1026 pontificis
1782 988 1914 1016 vene-

1111 1030 1249 1070 randa
1281 1030 1518 1072 solennitas
1552 1038 1596 1072 et
1628 1031 1914 1074 deuotionem

1111 1087 1237 1128 nobis
1259 1095 1434 1142 augeat,
1456 1095 1500 1130 et
1523 1089 1707 1130 salutem
1731 1106 1739 1132 :
1761 1104 1848 1144 per.

1158 1181 1203 1227 11
1239 1174 1275 1220 S
1278 1179 1296 1220 i
1313 1180 1464 1232 fuerit
1491 1180 1632 1223 abbas.
1697 1181 1864 1224 Oratio,

1118 1254 1403 1336 INtercesslo
1435 1270 1516 1297 nos
1548 1256 1800 1310 quaesumus
1837 1258 1915 1299 do-

1192 1313 1310 1354 mine
1342 1313 1461 1354 beati
1488 1314 1560 1355 .N.
1587 1315 1763 1356 abbatis
1794 1329 1915 1357 com-

1110 1371 1289 1412 mendet
1312 1387 1320 1412 ;
1341 1378 1387 1412 vt
1410 1372 1530 1425 quod
1561 1372 1715 1414 nostris
1745 1374 1913 1415 meritis

1109 1441 1196 1469 non
1254 1429 1465 1479 valemus,
1519 1431 1613 1472 eius
1665 1432 1913 1484 patrocinio

1107 1486 1385 1541 assequamur
1407 1503 1414 1528 :
1436 1501 1526 1541 per.

1122 1590 1167 1636 (I
1203 1588 1240 1630 S
1243 1587 1262 1629 i
1282 1589 1432 1642 fuerit
1463 1589 1674 1643 confesfhr
1706 1597 1888 1632 tantum.

1428 1663 1591 1706 Oratio.

1114 1737 1305 1819 DEus,
1337 1738 1411 1791 qui
1446 1751 1526 1779 nos
1557 1739 1675 1780 beati
1707 1740 1775 1781 .N.
1807 1754 1910 1781 con-

1226 1795 1389 1836 fessoris
1406 1797 1470 1837 tui
1488 1810 1635 1837 annua
1652 1797 1912 1839 solennitate

1108 1852 1317 1903 laetificas,
1345 1855 1540 1895 concede
1570 1855 1787 1908 propitius
1821 1871 1830 1897 ε
1862 1862 1912 1898 vt

1107 1911 1230 1951 cuius
1281 1911 1484 1953 natalitia
1535 1913 1732 1964 colimus,
1773 1914 1909 1956 etiam

1107 1967 1303 2010 atstiones
1326 1970 1551 2011 imitemur
1575 1986 1583 2011 :
1607 1984 1697 2024 per.

1211 2059 1294 2100 Aa'
1321 2060 1521 2113 vesperas.
1584 2061 1802 2114 Hymnus.

1162 2133 1241 2176 Ste
1270 2135 1482 2176 confessor
1512 2135 1682 2176 domini
1705 2135 1908 2186 sacratus,

1190 2192 1316 2233 Festa
1363 2192 1489 2246 plebs
1540 2194 1663 2234 cuius
1714 2194 1908 2235 celebrat

1106 2263 1184 2303 per
1215 2251 1367 2291 orbem
1407 2251 1557 2292 Hodie
1589 2251 1716 2292 laetus
1747 2253 1909 2294 meruit

1107 2307 1269 2349 secreta
1293 2308 1515 2350 Scandere
1537 2309 1646 2350 coeli.

1166 2365 1253 2419 Qui
1304 2367 1414 2420 pius,
1461 2367 1667 2421 prudens,
1715 2366 1906 2417 humilis,

1105 2425 1304 2477 pudicus,
1341 2424 1533 2473 Sobrius,
1571 2424 1711 2466 castus
1743 2425 1825 2466 fuit
1862 2432 1907 2467 et

1106 2482 1291 2535 quietus,
1313 2482 1420 2523 Vita
1437 2483 1543 2523 dum
1566 2482 1754 2536 praesens
1775 2497 1905 2538 vege-

1105 2540 1218 2580 tauit
1240 2540 1333 2580 eius
1356 2539 1563 2593 Corporis
1585 2546 1717 2582 artus.

1163 2597 1239 2638 Ad
1296 2597 1460 2638 sacrum
1512 2598 1634 2638 cuius
1682 2598 1903 2639 tumulum

1104 2655 1354 2708 frequenter
1379 2655 1582 2696 Membra
1613 2655 1902 2710 languentum

1105 2713 1239 2753 modo
1280 2712 1453 2754 sanitati
1496 2713 1706 2767 Quolibet
1747 2714 1903 2755 morbo

1104 2770 1265 2811 fuerint
1285 2777 1470 2824 grauata
1494 2771 1808 2812 Restituuntur.

1162 2828 1294 2869 Vnde
1328 2842 1444 2869 nunc
1485 2828 1628 2869 noster
1667 2829 1825 2871 chorus
1857 2829 1901 2871 in

1102 2885 1314 2926 honorem
1358 2886 1496 2939 Ipfius
1528 2886 1743 2939 hymnum
1783 2887 1902 2928 canit

1102 2944 1219 2984 hune
1251 2944 1446 2993 libenter,
1476 2944 1540 2985 Vt
1571 2944 1655 2997 pijs
1687 2945 1778 2985 eius
1810 2958 1900 2985 me-

1103 3002 1195 3042 ritis
1218 3002 1419 3042 iuuemur
1441 3001 1587 3043 Omne
1610 3016 1686 3055 per
1707 3015 1864 3043 aeuum.
