2066 3392
753 202 925 236 INDEX
955 202 1048 236 ORA
1058 202 1092 234 T
1086 201 1112 234 I
1110 201 1182 235 ΟΝ
1182 201 1267 235 UM

170 277 348 313 *Concede
372 290 572 323 quaesumus
598 278 810 322 omnipotens
833 279 915 311 deus
938 282 974 310 ut

212 323 302 356 beati
326 323 460 366 Ioseph,
490 334 552 357 120

169 366 328 399 Concede
357 377 556 409 quaesumus
581 366 795 409 omnipotens
825 365 907 398 deus
937 369 973 397 ut

211 420 273 443 nos
295 410 553 453 unigeniti‚·180

169 453 327 486 Concede
355 464 555 496 quaesumus
584 453 796 503 omnipotens
825 452 907 485 deus
937 456 974 484 ut

212 497 269 539 qui
284 507 324 530 ex
339 497 458 530 merito
473 502 606 529 nostrae
621 497 772 536 actionis,
793 506 833 538 51

168 539 326 573 Concede
355 551 553 583 quaesumus
583 540 795 582 omnipotens
823 539 905 572 deus
935 544 971 571 ut

210 583 268 626 qui
283 583 366 616 festa
381 584 551 626 paschalia
565 584 764 623 venerando,
783 583 822 616 61

167 626 326 660 Concede
351 637 550 669 quaesumus
580 627 792 669 omnipotens
822 626 904 658 deus
934 629 971 658 ut

210 670 268 713 qui
282 670 443 703 hodierna
458 671 513 703 die
528 670 744 712 unigenitum,
765 669 806 712 67

168 713 335 746 Converte
350 724 411 746 nos
426 714 508 747 deus
523 713 674 746 salutaris
690 718 813 752 noster,
832 712 873 754 48

168 757 334 790 Cordibus
363 757 484 790 nostris
509 767 708 800 quaesumus
734 757 870 789 domine
896 766 968 798 gra-

210 800 291 832 tiam
315 805 407 833 tuam
430 801 593 843 benignus
613 801 751 833 infunde
772 806 809 832 ut
832 804 970 842 peccata

209 849 323 876 nostra
337 844 565 886 castigatione,
585 854 623 886 55

167 887 334 920 Cordibus
357 889 478 920 nostris
502 898 701 930 quaesumus
731 886 867 919 domine
896 896 968 928 gra-

211 930 292 963 tiam
314 936 407 963 tuam
427 931 590 973 benignus
611 931 748 963 infunde
769 935 804 962 ut
821 930 904 963 sicut
925 930 970 962 ab

210 973 294 1007 escis
309 975 548 1017 corporalibus,
568 985 605 1015 51

167 1017 307 1051 Custodi
323 1018 458 1051 domine
474 1018 648 1051 ecclesiam
664 1023 767 1057 tuam,
788 1018 829 1060 89

168 1061 224 1093 Da
243 1061 342 1094 nobis
357 1073 556 1104 quaesumus
571 1062 707 1094 domine
722 1061 812 1094 beati
827 1059 971 1103 apostoli

207 1105 256 1137 tui
272 1105 434 1143 Thomae‚
455 1114 516 1148 179

166 1148 222 1180 Da
242 1149 340 1181 nobis
363 1159 562 1191 quaesumus
581 1148 717 1181 domine
735 1147 858 1180 imitari
881 1146 973 1190 quod

209 1191 359 1231 colimus,
383 1195 439 1226 181

168 1235 223 1267 Da
243 1236 340 1268 nobis
359 1246 559 1278 quaesumus
580 1235 716 1268 domine
739 1239 776 1268 ut
799 1239 832 1268 et
855 1233 973 1266 mundi

211 1289 334 1316 cursus,
354 1287 392 1321 77

168 1322 223 1354 Da
237 1322 335 1355 nobis
350 1333 548 1365 quaesumus
563 1322 775 1365 omnipotens
795 1321 877 1354 deus
898 1320 972 1353 viti-

209 1376 305 1398 orum
319 1371 518 1404 nostrorum,
539 1375 598 1407 147

168 1409 255 1485 1)ἷο
253 1420 452 1485 {Quaesumus
486 1410 622 1442 domine
651 1409 778 1452 populo
808 1413 867 1441 tuo
904 1407 971 1440 dia-

270 1463 331 1492 1ca,
375 1464 392 1485 2

168 1495 233 1572 Dad
253 1463 452 1539 quaesamus
481 1496 640 1529 ecclesiae
671 1501 747 1528 tuae
785 1494 972 1528 misericors

235 1550 303 1578 eus,
348 1549 358 1571 1

168 1583 223 1615 Da
249 1548 448 1626 quagsumus
472 1583 685 1626 omnipotens
709 1582 791 1615 deus
814 1587 850 1615 ut
881 1581 971 1615 beati

212 1626 258 1658 N.
275 1627 471 1660 confessoris
487 1627 545 1666 tui,
569 1626 630 1660 186

167 1670 223 1703 Da
257 1681 456 1713 quaesumus
491 1670 704 1713 omnipotens
733 1669 817 1703 deus
846 1674 883 1702 ut
913 1669 971 1712 qui

209 1714 299 1746 beati
316 1714 455 1751 Vrbani,
476 1724 534 1756 132

167 1757 224 1790 Da
238 1768 436 1800 quaesumus
456 1757 669 1800 omnipotens
691 1757 773 1789 deus
796 1761 832 1789 ut
854 1756 912 1799 qui
935 1755 970 1788 in

210 1806 261 1833 tot
276 1801 432 1838 adversis,
450 1801 492 1842 56

168 1845 224 1877 Da
245 1855 443 1887 quaesumus
469 1844 681 1887 omnipotens
706 1844 788 1877 deus
817 1848 854 1876 ut
876 1853 971 1876 sacro

211 1898 273 1921 nos
289 1888 484 1931 purificante
500 1888 635 1925 ieiunio,
653 1897 695 1928 50

168 1931 262 1964 Deus
277 1942 297 1964 a
311 1942 379 1974 quo
393 1937 513 1964 cuncta
529 1932 618 1963 bona
634 1931 831 1974 procedunt,
850 1929 894 1963 66

167 1976 261 2008 Deus
276 1986 297 2007 a
311 1986 378 2026 quo
393 1981 509 2007 sancta
523 1974 706 2017 desyderia,
726 1973 768 2016 46

169 2019 262 2051 Deus
282 2029 336 2051 cui
356 2018 526 2061 proprium
547 2024 595 2051 est
613 2018 768 2050 miserere
786 2027 917 2060 semper
937 2022 970 2050 et

213 2072 357 2104 parcere,
377 2073 417 2104 45

169 2105 261 2138 Deus
284 2105 376 2138 cuius
398 2105 559 2138 hodierna
579 2104 635 2137 die
655 2104 848 2146 preconium
869 2104 969 2137 Inno-

211 2154 335 2187 centes,
358 2149 415 2181 181

168 2192 262 2224 Deus
281 2192 374 2225 cuius
394 2190 605 2234 providentia
624 2191 659 2223 in
674 2190 724 2223 sui
741 2190 968 2233 dispositione,

211 2237 249 2269 81

168 2279 262 2312 Deus
276 2279 310 2311 in
327 2283 360 2311 te
375 2277 579 2328 sperantium
596 2277 768 2313 fortitudo.
787 2288 826 2319 73

169 2323 262 2355 Deus
277 2322 334 2365 qui
350 2332 480 2354 animae
496 2321 611 2353 famuli
627 2321 675 2353 tui
692 2321 856 2363 Gregorii,
879 2332 940 2365 119

169 2366 263 2398 Deus
277 2366 334 2408 qui
350 2365 510 2408 apostolis
526 2365 590 2397 tuis
611 2369 761 2396 sanctum
778 2365 910 2404 dedisti,
932 2374 973 2407 70

170 2409 284 2442 ⁴'Deus
300 2409 357 2452 qui
373 2409 490 2441 beatae
505 2408 634 2446 Annae,
659 2418 718 2450 143

169 2453 262 2485 Deus
277 2453 334 2495 qui
350 2452 450 2484 beato
468 2452 566 2483 Petro
581 2451 734 2494 apostolo
750 2456 818 2491 tuo,
843 2459 902 2492 115

171 2497 262 2529 Deus
277 2496 333 2539 qui
350 2496 483 2528 beatum
502 2495 660 2534 Leonem,
685 2504 741 2537 ¹³7

171 2540 263 2572 Deus
289 2539 346 2582 qui
373 2539 507 2571 beatum
540 2538 692 2570 Marcum
719 2538 968 2580 evangelistam,

219 2593 254 2615 11

168 2591 332 2669 Deussqui
348 2626 482 2658 beatum
500 2624 676 2662 Maffiiam,
698 2623 757 2657 116

171 2670 263 2702 Deus
277 2668 334 2712 qui
349 2668 483 2701 beatum
501 2668 692 2705 Nicolaum,
713 2677 771 2709 175

170 2713 263 2745 Deus
276 2712 333 2755 qui
350 2712 484 2744 beatum
502 2712 634 2756 Petrum
651 2711 848 2754 apostolum,
875 2722 934 2753 ¹44

172 2757 264 2789 Deus
278 2755 335 2798 qui
356 2754 520 2798 conspicis
540 2755 632 2787 omni
653 2765 714 2787 nos
734 2754 853 2788 virtute
875 2755 972 2788 desti-

214 2799 274 2837 tui,
290 2812 310 2840 4

171 2843 264 2875 Deus
289 2809 346 2885 (1Ξί
373 2841 537 2884 conspicis
562 2841 642 2884 quia
667 2851 708 2874 ex
732 2841 824 2873 nulla
844 2841 974 2874 actione

213 2884 421 2924 confidimus,
441 2895 484 2926 ⁴0

172 2930 266 2962 Deus
294 2929 351 2971 qui
381 2927 546 2970 conspicis
572 2927 651 2971 quia
677 2938 716 2960 ex
745 2928 836 2960 nulla
862 2934 975 2961 nostra

214 2974 334 3004 virtute
349 2970 567 3010 subsistimus,
589 2970 648 3014 169

173 3016 265 3049 Deus
281 3014 336 3058 qui
352 3014 516 3058 conspicis
532 3014 610 3057 quia
625 3024 685 3047 nos
701 3014 858 3057 undiquc,
882 3026 891 3047 1
900 3026 941 3057 30

1769 201 1847 245 197

1039 277 1132 310 Deus
1152 277 1210 320 qui
1233 277 1331 320 culpa
1351 277 1527 311 offenderis
1547 279 1754 321 poenitentia
1774 282 1845 323 pla-

1082 320 1177 360 caris,
1196 319 1249 362 46,
1266 330 1308 363 47

1039 364 1133 396 Deus
1147 364 1205 407 qui
1220 365 1263 397 de
1279 365 1396 396 beatae
1413 365 1552 403 Mariae,
1574 375 1635 408 190

1085 430 1105 444 „
1197 430 1218 444 „
1249 407 1284 439 in
1299 408 1567 448 annunciatione,
1593 419 1649 442 121

1040 450 1132 483 Deus
1155 451 1212 493 qui
1235 451 1357 484 dedisti
1380 451 1488 493 legem
1510 453 1620 494 Moysi
1651 453 1687 485 in
1709 454 1844 486 summi-

1082 499 1162 531 tate,
1185 504 1244 536 173

1040 537 1132 611 De118s
1155 538 1212 580 qui
1235 538 1450 580 dIIigentibus
1476 544 1510 571 te
1536 539 1626 572 bona
1651 540 1842 580 invisibilia,

1040 624 1132 657 Deus
1155 624 1212 667 qui
1235 625 1461 658 diversitatem
1486 626 1636 668 gentium
1662 627 1698 659 in
1718 627 1846 661 confes-

1083 668 1176 700 sione
1192 668 1252 708 tui,
1270 668 1314 702 60

1039 711 1132 743 Deus
1148 711 1204 754 qui
1220 712 1378 744 ecclesiae
1395 717 1470 744 tuae
1486 713 1520 745 in
1537 714 1752 756 exponendis,
1774 714 1835 747 160

1040 755 1134 787 Deus
1158 755 1215 797 qui
1249 755 1423 788 ecclesiam
1450 762 1541 788 tuam
1568 767 1679 790 annua
1705 758 1844 800 quadra-

1082 799 1244 840 gesimali,
1264 802 1305 840 48

1038 841 1132 874 Deus
1154 842 1212 885 qui
1234 842 1407 875 ecelesiam
1431 847 1521 875 tuam
1545 844 1637 876 beati
1662 844 1843 885 Dominici,

1085 896 1096 917 ¹
1102 894 1144 927 47

1040 929 1132 1004 Deu6s
1156 929 1213 971 qui
1236 929 1409 962 ecclesiam
1433 934 1526 962 tuam
1550 930 1640 963 beati
1664 931 1692 963 F
1693 931 1845 969 rancisci,

1087 983 1098 1004 1
1126 983 1147 1005 o

1041 1015 1133 1048 Deus
1162 1015 1219 1058 qui
1249 1016 1424 1049 ecclesiam
1460 1022 1551 1049 tuam
1589 1028 1678 1050 novo
1715 1029 1847 1062 semper

1083 1058 1185 1096 foetu,
1202 1059 1246 1092 60

1041 1103 1134 1135 Deus
1164 1103 1222 1145 qui
1252 1103 1437 1136 errantibus
1467 1108 1504 1136 ut
1534 1104 1568 1136 in
1598 1104 1687 1137 viam
1718 1105 1847 1148 possint

1084 1146 1202 1186 redire,
1221 1146 1264 1186 63

1043 1190 1135 1222 Deus
1151 1190 1207 1232 qui
1223 1195 1256 1222 et
1271 1190 1364 1222 iustis
1379 1190 1528 1232 praemia
1544 1191 1748 1231 meritorum,
1769 1203 1786 1234 5
1791 1203 1810 1234 3

1042 1233 1208 1308 Deus6qui
1226 1233 1304 1266 fidei
1325 1240 1532 1267 sacramenta
1551 1234 1586 1267 in
1606 1235 1767 1278 unigeniti
1785 1236 1844 1276 tui,

1089 1287 1127 1317 14

1041 1320 1134 1353 Deus
1149 1319 1206 1363 qui
1223 1319 1370 1352 fidelium
1387 1325 1515 1353 mentes
1530 1321 1627 1354 unius
1642 1321 1754 1359 efficis,
1772 1321 1813 1364 65

1041 1364 1133 1414 Deus
1170 1364 1238 1440 qu}5
1264 1364 1425 1397 hodierna
1461 1365 1517 1397 die
1553 1365 1688 1398 beatum
1719 1366 1846 1409 Diony-

1082 1418 1178 1447 sium,
1199 1418 1211 1439 1
1241 1418 1257 1439 1

1041 1451 1134 1483 Deus
1149 1451 1206 1493 qui
1222 1451 1383 1483 hodierna
1398 1451 1453 1484 die
1470 1451 1618 1484 fidelium
1634 1453 1746 1492 corda,
1766 1453 1809 1496 69

1040 1495 1134 1527 Deus
1171 1494 1227 1536 qui
1257 1495 1419 1527 hodierna
1448 1496 1503 1528 die
1540 1506 1599 1538 per
1636 1497 1844 1539 unigenitum

1083 1542 1188 1574 tuum,
1207 1547 1248 1580 59

1040 1582 1133 1614 Deus
1159 1581 1216 1624 qui
1243 1581 1406 1614 hodierna
1432 1582 1487 1615 die
1516 1582 1724 1624 unigenitum
1751 1587 1844 1616 tuum

1083 1625 1238 1667 gentibus
1253 1625 1360 1663 stella,
1385 1636 1445 1667 104

1039 1669 1133 1701 Deus
1162 1668 1219 1710 qui
1256 1668 1451 1701 hodiernam
1490 1669 1579 1702 diem
1617 1670 1845 1713 apostolorum

1082 1717 1214 1744 tuorum
1232 1712 1320 1744 Petri
1336 1718 1370 1745 et
1386 1713 1492 1750 Pauli,
1512 1722 1572 1755 137

1040 1756 1134 1788 Deus
1162 1755 1220 1798 qui
1250 1755 1498 1788 immaculatam
1530 1756 1666 1799 virginis
1703 1767 1845 1800 concep-

1082 1799 1220 1836 tionem,
1241 1807 1300 1840 177

1038 1843 1132 1875 Deus
1166 1842 1224 1885 qui
1255 1842 1478 1876 ineffabilibus
1508 1844 1670 1876 mundum
1706 1855 1846 1878 renovas

1082 1886 1307 1923 sacramentis,
1326 1897 1366 1928 53

1038 1930 1132 1962 Deus
1156 1930 1213 1972 qui
1238 1930 1272 1961 in
1299 1930 1358 1961 filii
1385 1929 1433 1962 tui
1463 1929 1652 1963 humilitate
1681 1931 1845 1964 iacentem

1080 1973 1255 2010 mundum,
1271 1972 1311 2005 62

1039 2017 1132 2048 Deus
1148 2017 1205 2059 qui
1222 2016 1255 2048 in
1268 2016 1439 2058 praeclara
1451 2016 1638 2049 salutiferae
1653 2017 1770 2055 crucis,
1786 2019 1847 2051 118

1040 2060 1133 2092 Deus
1149 2060 1205 2102 qui
1222 2059 1308 2091 inter
1323 2060 1525 2102 apostolicos
1542 2061 1740 2098 sacerdotes,
1763 2061 1823 2095 166

1040 2104 1134 2135 Deus
1149 2103 1206 2145 qui
1222 2103 1308 2135 inter
1323 2108 1453 2135 caetera
1470 2104 1638 2146 potentiae
1654 2110 1741 2144 tuae,
1765 2116 1826 2146 114

1041 2147 1134 2179 Deus
1149 2146 1206 2189 qui
1223 2146 1306 2178 miro
1322 2147 1439 2179 ordine
1455 2148 1660 2189 angelorum,
1684 2150 1744 2190 158

1041 2191 1135 2223 Deus
1179 2189 1236 2232 qui
1274 2190 1524 2223 multitudinem
1560 2191 1710 2233 gentium
1755 2192 1845 2225 beati

1086 2233 1190 2272 Pauli,
1222 2243 1282 2274 ¹39

1042 2277 1134 2309 Deus
1151 2276 1207 2319 qui
1224 2276 1320 2309 nobis
1335 2287 1395 2319 per
1410 2276 1558 2319 singulos
1574 2288 1689 2316 annos,
1714 2278 1774 2311 168

1041 2321 1134 2353 Deus
1149 2320 1206 2362 qui
1224 2321 1320 2353 nobis
1335 2321 1397 2352 sub
1412 2327 1630 2361 sacramento,
1653 2331 1692 2364 73

1042 2365 1134 2396 Deus
1156 2363 1213 2405 qui
1237 2374 1298 2395 nos
1320 2373 1431 2396 annua
1457 2365 1686 2406 apostolorum
1712 2369 1844 2399 tuorum

1084 2406 1230 2457 Philippi
1246 2413 1278 2439 et
1296 2407 1421 2447 Iacobi,
1445 2407 1504 2441 116

1041 2451 1133 2483 Deus
1148 2461 1205 2492 qui
1222 2461 1283 2483 nos
1298 2461 1407 2483 annua
1423 2451 1540 2483 beatae
1556 2451 1713 2488 Ceciliae,
1734 2461 1794 2494 171

1041 2495 1134 2526 Deus
1149 2493 1206 2536 qui
1223 2504 1284 2526 nos
1299 2504 1409 2526 annua
1424 2494 1512 2527 beati
1530 2495 1724 2534 Clementis,
1750 2504 1807 2537 171

1041 2538 1133 2570 Deus
1153 2537 1210 2579 qui
1231 2548 1292 2569 nos
1315 2548 1425 2569 annua
1451 2543 1639 2571 sanctorum
1665 2544 1845 2582 martyrum

1083 2586 1215 2613 tuorum
1232 2581 1277 2613 N.
1295 2586 1327 2613 et
1346 2582 1404 2620 N„
1428 2580 1488 2614 186

1041 2625 1132 2657 Deus
1148 2624 1205 2667 qui
1221 2635 1282 2656 nos
1298 2624 1386 2656 beati
1404 2625 1586 2664 Barnabae,
1612 2635 1670 2667 133

1041 2669 1133 2701 Deus
1148 2667 1204 2709 qui
1221 2678 1282 2700 nos
1298 2668 1386 2700 beati
1404 2668 1448 2701 N.
1468 2669 1666 2701 confessoris
1682 2668 1739 2707 tui,
1765 2669 1824 2702 186

1041 2712 1134 2744 Deus
1164 2711 1222 2754 qui
1252 2722 1315 2744 nos
1344 2711 1507 2744 hodierna
1537 2712 1591 2745 die
1622 2712 1846 2750 exaltationis,

1040 2765 1213 2840 De¹u⁵s⁴qui
1238 2808 1299 2831 nos
1321 2797 1355 2830 in
1378 2797 1479 2831 tantis
1504 2798 1662 2841 perieulis
1684 2799 1846 2832 constitu-

1084 2847 1146 2881 tos,
1167 2850 1208 2882 34

1042 2886 1134 2918 Deus
1163 2885 1221 2927 qui
1246 2895 1306 2917 nos
1332 2895 1392 2928 per
1422 2885 1538 2917 beatos
1568 2885 1740 2927 apostolos
1771 2891 1846 2919 tuos

1085 2929 1255 2961 Simonem
1271 2934 1303 2960 et
1322 2928 1452 2965 ludam.
1474 2928 1532 2969 164

1041 2972 1134 3004 Deus
1157 2971 1213 3013 qui
1234 2982 1295 3003 nos
1315 2971 1554 3014 redemptionis
1578 2977 1710 3005 nostrae
1737 2982 1848 3005 annua

1084 3014 1325 3058 expectatione,
1351 3016 1411 3048 180
