2066 3392
598 234 854 268 DOMINICA
887 231 1047 267 PRIMA
1078 232 1372 266 ADUENTUS.
1763 231 1813 261 21

141 313 299 358 leratis.
342 312 683 368 Dereliquerunt
699 312 943 360 dominum,

141 372 558 427 blasphemauerunt
579 369 777 413 samstum
807 369 944 417 israel,

141 429 379 472 abalienati
397 430 495 471 sunt
514 429 759 471 retrorsum.
801 429 945 482 Super

141 501 232 542 quo
245 488 487 543 percutiam
501 501 579 529 vos
593 486 944 536 vltra,addentes

142 546 549 599 praeuaricationem
567 545 582 587 ?
638 544 787 588 Omne
809 550 944 598 caput

141 603 414 658 languidum,
431 610 475 645 et
491 617 624 645 omne
645 617 721 645 cor
741 615 944 644 moerens.

142 660 188 702 A
203 661 357 716 planta
373 662 498 716 pedis
512 661 645 715 vsque
661 660 718 702 ad
734 660 943 702 verticem

142 732 231 760 non
253 719 314 761 est
335 720 379 760 in
401 733 453 760 eo
475 719 646 761 sanitas.
695 718 884 768 Vulnus,
899 723 944 759 et

142 775 265 827 liuor,
285 783 330 818 et
351 777 485 831 plaga
512 784 688 819 tumens
722 789 732 818 :
763 790 853 817 non
883 775 944 817 est

141 834 458 889 circumligata,
475 848 556 876 nec
577 841 730 876 curata
752 834 944 875 medica-

142 892 272 943 mine,
314 906 458 947 neque
498 893 592 935 sota
635 892 745 934 oleo.
806 892 944 934 Terra

141 949 280 992 vestra
315 950 484 992 deserta
518 964 527 992 ι
557 951 760 992 ciuitates
791 949 942 991 vestrae

141 1007 352 1050 succensae
392 1008 489 1050 sunt
530 1008 632 1062 igni.
693 1008 941 1062 Regionem

139 1065 325 1108 vestram
361 1079 510 1108 coram
544 1066 670 1108 vobis
703 1066 833 1107 alieni
865 1067 941 1107 de—

141 1130 301 1166 uorant
333 1137 343 1166 :
375 1130 419 1165 et
449 1124 726 1175 desolabitur,
757 1124 863 1165 ficut
896 1124 939 1165 in

141 1181 344 1223 vastitate
364 1181 520 1223 hostili.
580 1182 640 1223 Et
665 1182 940 1236 derelinque-

140 1244 213 1281 tur
240 1238 329 1280 filia
356 1239 463 1282 Sion
489 1246 537 1281 vt
562 1240 867 1281 vmbraculum
894 1240 937 1281 in

141 1297 280 1347 vinea,
306 1295 369 1339 et¹
399 1297 504 1339 ficut
532 1298 756 1351 tugurium
790 1298 834 1339 in
865 1311 939 1338 cu-

140 1356 395 1406 cumerario,
431 1362 477 1397 et
512 1356 616 1397 sicut
652 1355 808 1397 ciuitas
839 1369 939 1410 quae

140 1412 343 1454 vastatur.
419 1412 508 1454 Nisi
560 1414 767 1455 dominus
813 1427 940 1455 exer-

139 1470 307 1512 cituum
343 1470 577 1525 reliquisset
610 1472 738 1513 nobis
780 1471 940 1522 semen,

139 1528 258 1582 quasi
287 1528 467 1570 sodoma
495 1528 728 1578 fuissemus,
749 1536 795 1571 et
819 1529 938 1584 quasi

139 1586 374 1639 gomorrha
405 1586 562 1628 similes
589 1587 783 1629 essemus.
843 1587 940 1629 Au-

139 1643 232 1685 dite
271 1645 455 1686 verbum
503 1645 671 1686 domini
719 1646 940 1700 principes

140 1701 437 1744 Sodomorum
473 1716 483 1744 :
517 1703 728 1757 percipite
761 1704 939 1745 auribus

140 1758 283 1814 legem
324 1761 395 1802 dei
438 1760 568 1802 nostri
610 1761 802 1815 populus
848 1762 938 1804 Go-

140 1817 339 1860 morrhae.
399 1817 502 1872 Quo
543 1819 650 1860 mihi
693 1819 938 1861 multitudi-

139 1887 240 1916 nem
261 1873 537 1917 victimarum
559 1876 807 1927 vestrarum,
830 1879 939 1919 dicit

138 1932 369 1975 dominus?
404 1934 564 1975 Plenus
579 1934 669 1975 sum
684 1935 938 1977 holocausto

139 1990 339 2040 arietum,
359 1997 404 2032 et
428 1992 560 2045 adipe
586 1993 818 2046 pinguium
853 2008 862 2035 :
892 2001 936 2036 et

141 2046 393 2101 sanguinem
408 2049 643 2091 vitulorum
659 2058 703 2092 et
720 2064 936 2104 agnorum

139 2111 183 2146 et
216 2106 435 2148 hircorum
469 2107 600 2149 nolui.
663 2108 775 2150 Cum
808 2123 938 2151 vene·

139 2162 232 2204 ritis
247 2169 350 2205 ante
365 2162 644 2218 conspectum
665 2179 823 2213 meum,
840 2168 939 2221 quis

139 2220 337 2274 quaesiuit
353 2221 447 2262 haec
465 2223 520 2263 de
541 2223 742 2264 manibus
760 2224 908 2266 vestris
931 2240 939 2266 ε

140 2284 187 2319 vt
226 2278 512 2320 ambularetis
554 2280 596 2321 in
638 2281 760 2334 atrijs
799 2283 939 2324 meis?

143 2334 211 2378 Ne
269 2335 462 2378 offeratis
517 2337 629 2379 vltra
685 2338 936 2381 sacrificium

140 2392 303 2434 frustra.
346 2394 574 2435 Incensum
591 2395 864 2438 abominatio
878 2398 938 2439 cst

142 2450 259 2492 mihi.
292 2450 583 2493 Neomeniam
604 2459 647 2494 et
666 2453 939 2505 sabbathum,

141 2514 186 2550 ct
226 2507 481 2551 sestiuitatcs
518 2510 626 2551 alias
663 2525 750 2553 non
789 2513 936 2556 seram.

142 2565 277 2620 iniqui
303 2566 399 2608 sunt
420 2574 557 2609 caetus
578 2568 714 2611 vestri.
779 2569 938 2612 Calen-

140 2623 221 2665 das
233 2623 405 2672 vestras,
422 2632 466 2666 ct
481 2625 763 2669 solennitates
777 2629 936 2670 vestras

139 2681 279 2723 odiuit
293 2682 442 2724 anima
458 2696 565 2724 mea.
586 2682 701 2726 saCta
720 2685 814 2727 sunt
830 2687 935 2728 mihi

141 2738 320 2781 molesta
342 2755 350 2781 :
373 2739 567 2782 laboraui
596 2741 813 2785 sustinens.
878 2745 935 2786 Et

139 2809 239 2837 cum
269 2798 556 2840 extenderitis
586 2813 740 2841 manus
764 2801 935 2852 vestraS,

139 2859 336 2896 auertam
370 2855 521 2897 oculos
555 2870 676 2898 meos
709 2858 734 2899 a
768 2861 892 2901 vobis
925 2876 932 2902 :

139 2918 183 2953 ct
215 2925 314 2953 cum
349 2912 742 2968 multiplicaueritis
775 2918 934 2960 oratio-

227 3032 237 3055 ¹
264 3040 299 3068 et
321 3045 328 3068 :
346 3034 446 3069 omit.
470 3035 507 3070 P.

1014 324 1129 360 nem,
1180 324 1270 352 non
1321 310 1575 354 exaudiam.
1655 311 1818 352 Manus

1012 367 1164 410 vestrae
1185 368 1397 422 sanguine
1416 369 1561 423 plenae
1583 368 1693 412 sunt.
1747 369 1817 410 Tu

1012 432 1162 468 autem
1203 427 1384 468 domine
1425 427 1626 468 miserere
1674 426 1818 472 nostri.

1012 484 1069 527 R.
1121 485 1220 526 Deo
1250 485 1427 539 gratias.
1491 486 1560 526 Et
1574 485 1642 539 stc
1670 484 1818 527 termi-

1013 548 1179 584 nantur
1196 557 1340 584 omnes
1367 543 1560 585 lediones
1578 551 1663 597 per
1681 549 1817 584 totum

1010 608 1484 656 anmm2‚proeterquam
1499 601 1545 643 in
1560 601 1706 643 triduo
1717 607 1819 643 ante

1001 658 1174 712 pastlca.
1263 658 1308 701 V.
1373 660 1484 701 Iube
1524 660 1706 702 domine
1745 665 1815 701 etc.

1011 716 1265 759 Benedit‘ffz‘o.
1317 717 1588 772 Vnigenitus
1605 718 1676 759 dei
1699 717 1816 759 filius

1013 788 1094 815 nos
1115 775 1386 824 benedicere,
1408 782 1454 818 et
1479 777 1690 818 adiuuare
1718 775 1815 829 dig-

1012 839 1150 874 netur.
1200 833 1254 874 R.
1291 833 1454 876 Amen.
1504 834 1574 876 Et
1589 833 1816 887 lcoecstmi-

1010 890 1112 932 liter
1134 891 1361 933 benediblio
1388 891 1552 934 dicitur
1570 899 1654 946 per
1677 898 1814 934 totum

1009 962 1175 990 annum
1215 949 1279 990 ad
1311 949 1547 1002 fhcundam
1586 949 1816 999 leHionem,

1008 1020 1103 1061 quoe
1138 1007 1199 1062 est
1220 1007 1391 1062 fi’mper
1427 1008 1534 1050 noui
1570 1008 1815 1063 testamenti.

1009 1103 1054 1149 (Ι
1077 1098 1238 1153 Incipit
1261 1099 1558 1154 Euangelium
1574 1100 1813 1154 fi’cundum

1180 1157 1354 1199 Lucam.
1415 1158 1562 1200 Ledio
1584 1158 1657 1213 ,472²

1014 1234 1168 1318 FVit
1203 1237 1247 1278 in
1283 1237 1439 1278 diebus
1480 1237 1658 1279 herodis
1699 1239 1814 1293 regis

1118 1294 1295 1346 Iudaeae,
1313 1295 1511 1338 sacerdos
1528 1296 1711 1350 quidam
1735 1311 1813 1339 no—

1008 1351 1126 1393 mine
1147 1352 1383 1403 zacharias,
1401 1354 1457 1395 de
1478 1354 1572 1396 vice
1594 1354 1716 1396 Abia
1738 1371 1746 1396 :
1767 1361 1813 1398 et

1007 1423 1121 1451 vxor
1141 1410 1256 1452 illius
1285 1412 1341 1453 de
1370 1411 1546 1453 filiabus
1575 1412 1743 1463 Aaron,
1767 1419 1813 1455 et

1008 1481 1170 1510 nomen
1218 1469 1312 1510 eius
1361 1470 1599 1512 Elisabeth.
1670 1471 1812 1514 Erant

1007 1532 1157 1568 autem
1179 1526 1275 1568 iusti
1297 1527 1431 1569 ambo
1453 1534 1558 1569 ante
1579 1529 1726 1578 deum,
1746 1530 1811 1570 in-

1007 1585 1216 1626 cedentes
1252 1585 1297 1626 in
1338 1586 1545 1628 omnibus
1588 1587 1813 1629 mandatis

1007 1648 1052 1683 et
1093 1642 1472 1685 iustificationibus
1513 1645 1684 1686 domini
1724 1646 1812 1687 sine

1006 1701 1196 1754 querela.
1211 1708 1256 1743 et
1274 1715 1360 1743 non
1380 1709 1473 1743 erat
1491 1703 1577 1744 illis
1595 1703 1709 1744 filius
1727 1719 1736 1746 :
1757 1718 1812 1746 eo

1006 1759 1126 1812 quod
1163 1759 1268 1801 esset
1308 1760 1534 1802 Elisabeth
1569 1760 1732 1811 sterilis,
1766 1769 1811 1804 et

1005 1817 1139 1857 ambo
1161 1818 1449 1871 processissent
1471 1819 1515 1860 in
1537 1819 1694 1860 diebus
1717 1820 1813 1863 suis.

1008 1873 1194 1916 FaEtum
1227 1875 1288 1917 est
1319 1883 1468 1918 autem
1502 1892 1510 1918 :
1541 1891 1641 1918 cum
1675 1877 1813 1920 sacer-

1006 1933 1130 1974 dotio
1153 1933 1408 1987 fungeretur
1429 1935 1652 1976 zacharias
1676 1936 1718 1977 in
1742 1951 1812 1978 or-

1005 1991 1109 2032 dine
1130 1991 1237 2033 vicis
1259 1991 1344 2033 suae
1366 1999 1470 2034 ante
1495 1994 1640 2042 deum,
1664 1994 1813 2036 secun-

1006 2049 1114 2090 dum
1159 2049 1521 2092 consuetudinem
1568 2051 1811 2106 sacerdotij,

1007 2105 1120 2148 sorte
1151 2107 1264 2160 exijt
1295 2114 1343 2149 vt
1372 2108 1594 2150 incensum
1625 2117 1810 2163 poneret

1008 2164 1216 2217 ingressus
1246 2166 1289 2205 in
1316 2167 1533 2219 templum
1561 2168 1740 2210 domini.
1764 2175 1810 2211 et

1006 2223 1151 2263 omnis
1166 2222 1405 2264 multitudo
1414 2225 1810 2278 populieratorans

1007 2279 1112 2320 soris
1134 2279 1240 2321 hora
1263 2281 1435 2323 incenfi.
1485 2282 1710 2336 Apparuit
1732 2299 1805 2326 au-

1006 2344 1097 2378 tem
1125 2338 1185 2378 illi
1215 2339 1399 2392 angelus
1429 2340 1610 2389 domini,
1635 2341 1751 2383 stans
1783 2341 1809 2384 a

1006 2396 1178 2437 dextris
1195 2395 1345 2437 altaris
1362 2397 1530 2439 incensi.
1575 2399 1634 2440 Et
1652 2400 1808 2442 zacha-

1007 2453 1091 2494 rias
1108 2454 1310 2495 turbatus
1327 2454 1398 2503 est,
1416 2456 1572 2497 videns
1590 2464 1657 2498 :et
1676 2458 1809 2500 timor

1006 2511 1128 2552 irruit
1151 2511 1276 2566 super
1296 2525 1408 2554 eum.
1469 2513 1551 2555 Ait
1573 2522 1722 2556 autem
1749 2517 1806 2558 ad

1006 2569 1128 2610 iilum
1152 2569 1346 2623 angelus
1370 2570 1440 2612 Ne
1469 2572 1627 2613 timeas
1652 2574 1807 2615 zacha-

1006 2628 1067 2668 ria
1089 2629 1297 2681 quoniam
1325 2630 1538 2671 exaudita
1560 2631 1620 2671 cst
1651 2632 1806 2686 depre-

1004 2685 1120 2726 catio
1148 2692 1232 2727 tua.
1266 2692 1310 2727 ct
1337 2701 1449 2728 vxor
1475 2695 1550 2729 tua
1580 2689 1806 2732 Elisabeth

1004 2744 1144 2797 pariet
1174 2744 1253 2784 tibi
1282 2743 1432 2794 filium,
1453 2753 1497 2787 et
1519 2748 1700 2789 vocabis
1729 2762 1806 2789 no-

1005 2815 1104 2842 men
1128 2801 1219 2843 cius
1245 2801 1458 2844 Ioannem
1489 2818 1497 2844 ε
1529 2810 1573 2845 et
1595 2806 1676 2846 erit
1697 2820 1806 2859 gau-

1003 2860 1123 2900 dium
1154 2859 1232 2900 tibi
1263 2866 1306 2901 et
1335 2861 1568 2911 exultatio,
1598 2870 1642 2904 et
1678 2865 1805 2905 multi

1006 2919 1048 2959 in
1099 2917 1332 2959 natiuitate
1388 2919 1481 2960 eius
1535 2921 1806 2974 gaudebunt.

674 3037 686 3058 ²
710 3048 765 3073 ca.
787 3039 811 3073 1.
836 3040 866 3074 R
888 3052 894 3074 :
916 3040 1127 3086 Capitulum
1143 3039 1167 3084 j.
1190 3041 1217 3074 P
1242 3053 1248 3076 :
1271 3040 1391 3086 capite
1413 3049 1435 3076 1.
1457 3043 1498 3077 Α.
1527 3042 1563 3089 [i.
1586 3045 1729 3091 3-—25.]
