2066 3392
269 181 347 232 156

263 271 406 312 facere
454 270 791 312 constantissime
842 270 1068 312 recusaret.

263 329 397 383 xviij.
438 329 646 370 calendas
688 327 881 371 oftobris
922 328 1067 382 capite

265 392 494 428 truncatus
530 401 556 428 a
597 387 728 428 beata
763 387 933 428 Lucina
966 398 1066 426 cum

263 445 525 498 quibusdam
562 445 731 486 clericis
769 442 902 486 ηοξὶυ
946 444 1067 497 sepe-

265 502 369 543 litur
399 504 442 543 in
469 503 668 543 arenario
697 502 849 556 praedij
885 502 945 543 sui
978 514 1066 541 non

263 560 397 614 longe
419 574 445 602 a
466 561 721 602 coemeterio
745 559 905 601 Calisti.
942 559 1068 601 Sedit

264 625 416 659 autem
467 632 608 659 annos
649 619 761 659 duos
803 618 971 659 menses
1012 616 1067 670 .ij.

263 677 358 718 dies
379 675 448 729 .iij.

267 765 572 849 CYprianus
590 765 770 806 natione
787 764 924 819 apher
939 764 1068 806 chris-

372 825 518 864 tianus
569 821 723 872 faetus,
766 837 920 864 omnes
972 822 1068 863 suas

263 881 498 922 facultates
535 881 802 935 pauperibus
838 880 1066 922 distribuit.

265 939 441 980 Deinde
463 939 703 993 presbyter,
717 953 797 980 nec
815 939 957 980 multo
971 938 1067 992 post

263 997 492 1051 episcopus
553 997 897 1051 carthaginensis
949 1010 1066 1037 crea-

262 1054 365 1105 tus¹,
406 1055 596 1109 plurima
637 1053 881 1096 sanffitatis
932 1055 1067 1095 docu-

263 1119 415 1154 menta
443 1113 645 1166 praebuit,
666 1119 711 1154 et
741 1110 954 1154 d0&rinae
987 1112 1066 1153 sm-

262 1171 426 1224 gularis
460 1177 751 1212 monumenta
784 1170 965 1224 posteris
1002 1184 1067 1211 re-

264 1229 405 1283 liquit.
442 1230 718 1283 Imperatore
734 1228 973 1270 Valeriano
995 1242 1067 1269 ac-

263 1287 450 1336 cusatus,
482 1287 601 1341 quod
645 1287 864 1329 Christum
902 1286 1066 1327 coleret

263 1359 290 1386 a
330 1351 516 1399 paterno
557 1345 825 1399 proconsule,
867 1358 967 1386 cum
1009 1345 1066 1385 ab

265 1403 464 1444 instituto
515 1402 632 1444 flefflzi
681 1417 769 1444 non
820 1403 970 1456 posset,
1022 1402 1065 1443 in

264 1461 450 1502 exilium
473 1461 620 1502 missus
642 1461 713 1502 est.
749 1461 881 1502 Vnde
904 1460 1068 1513 regres-

266 1519 334 1560 sus
366 1519 625 1573 proconsule
656 1517 878 1568 defuneto,
900 1518 1065 1558 rursum

263 1578 382 1630 apud
421 1577 649 1619 Galerium
691 1577 957 1625 Maximum,
991 1576 1068 1629 qui

266 1635 456 1675 Paterno
479 1635 732 1676 successerat
748 1634 985 1683 accusatus,
1003 1635 1068 1674 in-

264 1691 383 1734 υἰξὶο
425 1693 574 1733 animo
616 1693 660 1733 in
693 1693 820 1733 Vnius
856 1692 1066 1741 veri·dei,

266 1751 511 1803 Christique
559 1750 821 1791 confessione
872 1749 1068 1803 perseue-

266 1822 379 1857 rans,
399 1810 688 1850 obtruncatus
710 1809 923 1861 martyrio
945 1821 1068 1848 coro-

265 1872 395 1907 natur
415 1866 537 1920 xviij.
559 1866 767 1907 calendas
791 1864 1010 1907 O&obris.

283 1981 328 2026 ΙῙ
374 1977 615 2019 Maltltoens
654 1977 860 2031 apostolus
899 1976 1052 2030 duplex

308 2036 465 2077 maius.
517 2036 600 2076 Ad
616 2036 816 2089 vesperas.
871 2034 1034 2076 Oratio.

273 2122 449 2205 BEati
482 2121 679 2175 apostoli,
712 2127 756 2162 et
787 2119 1069 2174 euangelistae

398 2180 604 2220 Matthaei
645 2179 826 2221 domine
868 2178 1069 2232 precibus

265 2238 527 2279 adiuuemur
558 2252 566 2279 :
592 2243 639 2278 vt
670 2238 788 2290 quod
815 2236 1071 2290 possibilitas

266 2296 411 2336 nostra
451 2309 540 2336 non
583 2295 766 2344 obtinet,
809 2295 900 2335 eius
943 2294 1070 2334 nobis

266 2354 570 2396 intercessione
592 2354 782 2394 donetur
804 2368 812 2393 :
834 2366 922 2405 per.

503 2461 649 2503 Leino
671 2460 831 2503 tertia2.

275 2547 608 2630 MAtthaeus,
630 2548 704 2601 qui
737 2554 781 2589 et
811 2548 922 2589 Leui
952 2548 1069 2589 dice-

413 2606 553 2655 batur,
579 2620 637 2646 ex
664 2606 900 2658 publicano
926 2605 1068 2647 fa&us

266 2663 326 2704 est
349 2663 581 2717 apostolus.
633 2664 751 2704 Nam
774 2678 873 2704 cum
898 2664 940 2704 in
963 2664 1069 2705 vrbe

267 2721 464 2762 Galilaeae
487 2721 752 2775 Capharnao
774 2722 830 2762 ad
853 2721 1067 2762 telonium

267 2779 444 2829 sederet,
487 2793 513 2820 a
564 2779 734 2821 Christo
776 2785 1070 2833 praetereunte

336 2903 347 2925 1
375 2903 435 2937 die
453 2913 506 2946 23.
526 2904 567 2937 itt
586 2915 630 2938 m.
651 2904 693 2938 V.

336 2950 349 2972 ²
374 2950 433 2984 die
452 2960 504 2984 21.
525 2951 566 2984 in
585 2962 629 2984 m.

334 2997 347 3017 ³
374 2997 475 3030 illam
501 3009 507 3032 z
528 2998 564 3031 P.

952 193 980 225 S
981 193 1013 224 E
1015 191 1084 224 PT
1079 190 1269 222 EMBER.

1132 267 1476 321 vocatus‚ipsum
1492 267 1552 309 est
1566 268 1783 322 sequutus.
1804 281 1935 322 quem
2009 295 2014 300 ·

1134 339 1235 366 cum
1268 325 1490 380 discipulis
1521 326 1711 380 hospitio
1743 326 1936 380 suscepit.

1136 383 1235 424 Post
1279 384 1373 424 eius
1423 398 1528 425 vero
1578 382 1936 425 resurreffionem

1136 440 1378 482 Matthaeus
1419 442 1526 482 dum
1563 447 1738 496 pararet
1770 442 1814 482 in
1845 441 1936 483 Ae-

1134 498 1352 552 thiopiam
1378 499 1588 552 proficisci
1615 500 1671 541 ad
1693 500 1936 554 praedican-

1133 556 1240 597 dum
1282 557 1489 610 gentibus
1531 557 1615 598 illis
1655 556 1935 610 euangelium

1133 614 1287 667 patria,
1311 614 1394 655 hoc
1424 615 1495 664 est,
1523 615 1744 656 haebraica
1774 615 1940 669 lingua,

1134 672 1424 726 euangelium,
1443 673 1562 726 quod
1585 673 1629 713 in
1653 673 1805 729 Iudaea
1826 686 1937 726 prae-

1134 730 1375 779 dicauerat,
1436 730 1608 784 scripsit.
1710 728 1936 772 Profectus

1135 787 1268 840 igitur
1289 788 1332 828 in
1355 788 1660 842 Aethiopiam,
1680 802 1815 842 quam
1837 802 1938 842 pro-

1134 846 1327 886 uinciam
1359 846 1502 887 suerat
1533 846 1720 895 sortitus,
1751 846 1935 887 verbum

1134 903 1304 944 domini
1334 903 1614 957 sequentibus
1641 904 1770 958 signis
1792 904 1935 945 latissi-

1135 975 1206 1002 me
1227 961 1531 1003 disseminauit.
1575 963 1635 1003 Et
1657 962 1779 1015 regio
1799 975 1937 1015 puero

1135 1032 1159 1059 e
1201 1026 1343 1060 morte
1383 1019 1440 1060 ad
1481 1020 1619 1061 vitam
1660 1033 1745 1073 ope
1785 1019 1936 1061 diuina

1134 1083 1355 1126 reuocato,
1410 1090 1560 1130 regem
1611 1083 1784 1131 patrem
1834 1091 1934 1118 cum

1134 1143 1274 1175 vxore
1310 1141 1355 1176 et
1390 1135 1589 1176 vniuersa
1622 1135 1849 1189 prouincia
1879 1135 1936 1176 ad

1136 1192 1291 1234 Christi
1314 1192 1447 1234 fidem
1466 1194 1694 1235 conuertit.
1746 1193 1828 1235 Cui
1845 1192 1936 1247 regi

1133 1248 1345 1291 defuneto
1375 1264 1476 1291 cum
1509 1251 1721 1292 Hirtacus
1752 1250 1935 1304 quidam

1134 1308 1178 1348 in
1210 1322 1348 1361 regno
1380 1308 1642 1357 successisset,
1675 1308 1852 1362 eiusque
1887 1307 1936 1349 fi-

1133 1366 1239 1406 liam
1268 1366 1548 1420 Iphigeniam
1578 1366 1653 1407 fibi
1682 1366 1816 1408 vellet
1846 1379 1937 1418 ma-

1133 1424 1344 1465 trimonio
1404 1423 1624 1478 copulare,
1678 1423 1935 1471 Matthaeus,

1134 1495 1224 1535 quo
1274 1480 1454 1523 auEtore
1504 1482 1805 1535 virginitatem
1847 1480 1938 1523 illa⁸

1134 1545 1318 1580 vouerat
1346 1545 1393 1580 vt
1424 1540 1467 1580 in
1500 1538 1650 1580 sanGto
1671 1539 1937 1593 virginitatis

1133 1597 1356 1650 proposito
1373 1597 1622 1650 persisteret,
1632 1598 1820 1638 eandem
1837 1597 1937 1638 hor-

1134 1654 1324 1696 tabatur.
1387 1655 1546 1708 Itaque
1576 1655 1791 1708 virginem
1833 1669 1936 1696 con-

1134 1712 1298 1753 stanter
1330 1711 1414 1753 suis
1448 1713 1564 1754 votis
1601 1712 1802 1754 obfistere
1843 1727 1938 1754 mo-

1135 1770 1350 1811 lestissime
1383 1770 1526 1811 ferens
1566 1771 1789 1820 Hirtacus‚
1820 1771 1937 1812 Mat-

1133 1828 1315 1876 thaeum,
1331 1841 1463 1882 quem
1486 1828 1577 1869 eius
1599 1828 1762 1881 confilij
1785 1827 1938 1869 auEto-

1135 1899 1227 1926 rem
1257 1886 1340 1926 esse
1370 1886 1545 1935 sciebat,
1567 1887 1620 1926 ad
1654 1886 1792 1927 altare
1818 1886 1936 1928 sacra

1135 1943 1371 1984 facientem
1396 1944 1555 1997 'gladio
1586 1942 1787 1984 consudi⁴
1815 1945 1936 1986 iuffit.

1137 2001 1197 2042 Et
1239 2001 1292 2042 fic
1334 2001 1534 2055 apostoli,
1577 2008 1621 2042 et
1657 2001 1936 2055 euangelistae

1137 2059 1424 2112 martyrisque
1484 2073 1695 2100 coronam
1750 2060 1938 2114 adeptus

1137 2116 1381 2158 Matthaeus
1403 2117 1460 2157 ad
1484 2116 1717 2167 Christum,
1738 2117 1938 2158 beatam-

1137 2188 1222 2228 que
1243 2175 1381 2216 vitam
1404 2175 1613 2229 migrauit
1633 2174 1706 2228 .xj.
1729 2175 1937 2216 calendas

1138 2231 1357 2275 Offitobris.

1136 2339 1180 2384 (I
1200 2335 1453 2377 Mauricius
1472 2351 1567 2377 cum
1577 2336 1710 2391 „lbet-‘725
1735 2336 1935 2391 martyr⁵.

1367 2405 1512 2447 Leerb
1536 2404 1696 2447 tertia⁶.

1139 2491 1306 2575 CVm
1349 2491 1655 2532 Maximianus
1697 2491 1939 2544 imperator

1249 2549 1506 2598 exercitum,
1539 2562 1671 2602 quem
1712 2549 1938 2602 ingentem

1136 2620 1194 2647 ex
1226 2606 1358 2659 varijs
1390 2606 1644 2647 nationibus
1675 2604 1936 2656 confeffflm,

1135 2664 1378 2717 transalpes
1414 2665 1667 2713 induxerat,
1697 2663 1782 2716 dijs
1813 2663 1937 2704 sacri-

1136 2722 1265 2763 ficare
1287 2722 1330 2762 in
1356 2722 1633 2763 Sedunorum
1663 2721 1822 2762 finibus
1846 2721 1937 2775 (qui

1136 2779 1289 2834 populi
1321 2779 1418 2820 sunt
1451 2779 1494 2819 in
1526 2779 1688 2833 Gallia)
1723 2778 1894 2820 iuffisset
1927 2793 1937 2821 z

1209 2902 1221 2923 ⁴¹
1248 2901 1396 2936 confodi
1422 2913 1428 2936 :
1448 2902 1490 2936 R.
1509 2902 1545 2936 P.
1562 2902 1604 2935 Α.

1207 2949 1220 2970 ⁶
1245 2955 1427 2993 martyres
1451 2961 1458 2983 :
1479 2949 1515 2982 P.
1533 2950 1574 2983 A.

1206 2996 1220 3016 ⁶
1245 2996 1306 3030 die
1325 3005 1367 3030 22
1386 2996 1426 3030 in
1445 3007 1490 3030 m.
