2066 3392
241 173 319 222 184

239 259 896 314 Constantinoimperatore,qui
913 260 1041 301 chris-

238 320 371 359 tianae
420 317 642 371 religionis
686 324 779 359 tam
830 318 1043 359 studiosus

241 376 337 425 suit,
375 382 423 417 vt
463 389 552 416 non
595 375 682 417 alio
724 390 859 430 quam
902 377 1042 417 crucis

245 434 365 488 signo
387 433 431 474 in
453 433 580 475 bellis
601 440 807 483 vteretur,
829 433 948 487 quod
981 434 1044 474 in-

246 492 386 532 stante
427 505 587 545 pugna,
630 505 719 545 qua
761 491 1044 533 Maxentium

245 557 485 603 tyrannum
544 549 720 597 deuicit,
771 563 830 590 ex
881 549 1047 590 lumine

246 605 412 648 sa&um
446 606 534 661 ipse
562 613 606 648 et
634 608 854 648 exercitus
875 607 1047 648 viderat

247 665 361 707 coelo
385 665 534 706 sereno
557 666 671 706 circa
701 666 931 706 meridiem
962 664 1048 706 sole

245 723 507 771 declinante,
529 722 598 763 his
624 722 770 764 verbis
792 722 1046 776 inscriptum

248 780 537 823 Constantine
554 781 598 821 in
621 780 705 821 hoc
718 781 855 830 vince,
869 779 1048 821 andstore

250 838 501 881 sozomeno
532 839 576 878 in
610 839 832 892 tripartita
861 838 1048 880 historia.

248 897 323 950 qui
367 896 605 937 Eusebium
647 896 793 937 testari
835 896 967 937 refert
1009 896 1050 936 se

249 953 589 997 Constantinum
619 954 810 995 eundem
840 954 1050 995 audiuisse

247 1026 349 1053 cum
372 1012 416 1052 id
434 1012 582 1065 palam
601 1012 750 1053 multis
769 1012 956 1053 referret.
991 1011 1050 1052 Et

248 1070 528 1111 iureiurando
564 1070 855 1111 confirmaret.
902 1070 1049 1124 Quam

248 1127 518 1169 occasionem
542 1125 697 1168 nafflms
726 1127 960 1181 Syluester,
988 1141 1051 1168 re-

250 1184 355 1227 lieto
389 1183 574 1227 Sorac‘te
606 1193 772 1234 monte,
792 1199 882 1239 quo
910 1186 1053 1226 fuerat

249 1242 275 1284 a
325 1244 525 1297 tyrannis
578 1243 799 1297 relegatus
857 1243 1050 1284 Romam

249 1303 380 1350 venit,
398 1301 823 1355 Constantinumque
837 1302 950 1342 bene
964 1302 1052 1342 iam

251 1360 295 1400 in
319 1359 576 1400 christianos
598 1360 843 1400 animatum
875 1373 1054 1413 promp-

249 1419 407 1459 tiorem
451 1417 655 1466 reddidit,
689 1419 745 1458 ad
788 1418 957 1471 optime
997 1418 1054 1458 de

250 1475 429 1516 ecclefia
450 1475 521 1515 dei
540 1476 810 1516 merendum.
845 1476 1052 1528 Longum

249 1534 403 1587 vtique
443 1533 559 1583 esset,
597 1533 827 1583 recensere,
869 1547 968 1586 quae
1010 1539 1054 1574 et

250 1597 416 1644 quanta
437 1591 494 1632 ad
512 1590 680 1631 cultum
698 1591 769 1631 dei
787 1591 1054 1644 pertinentia

251 1650 447 1703 optimus
471 1650 711 1702 imperator
733 1649 826 1689 eius
850 1648 970 1689 suasu
994 1649 1053 1689 se-

253 1707 370 1747 cerit.
410 1706 757 1748 constitutiones
779 1713 928 1747 autem
954 1706 1053 1759 Syl-

251 1765 378 1805 uestri
394 1765 601 1818 precipue
615 1764 856 1814 fuerunt,vt
870 1764 1055 1805 chrisma

251 1823 308 1863 ab
359 1822 564 1876 episcopo
615 1829 789 1862 tantum
831 1822 1052 1863 consecra-

253 1887 379 1922 retur.
433 1880 496 1921 Vt
519 1880 793 1933 baptizatum
822 1880 1054 1921 chrismate

252 1938 377 1979 liniat
413 1937 644 1991 presbyter
681 1937 867 1978 instante
901 1944 1055 1982 morte.

251 1996 314 2037 Vt
350 1996 533 2037 clericus
565 1997 608 2036 in
651 1997 771 2036 curia
807 1995 957 2037 causas
998 2009 1054 2037 ne

251 2060 366 2107 agat,
410 2067 521 2094 neve
562 2060 666 2094 ante
709 2054 899 2095 iudicem
933 2053 1052 2095 secu-

254 2112 389 2152 larem
426 2111 601 2152 causam
636 2112 765 2153 dicat.
829 2112 1054 2153 Diaconus

254 2170 296 2210 in
321 2169 498 2211 ecclefia
526 2169 778 2210 celebrandi
807 2169 936 2210 causa
962 2169 1055 2210 dal-

255 2228 417 2268 matica
450 2228 671 2277 induatur,
709 2234 752 2268 et
788 2227 908 2281 palla
944 2227 1054 2268 lino-

254 2285 380 2326 stima
416 2285 516 2326 leua
557 2285 650 2326 eius
690 2292 876 2339 tegatur.
939 2285 1053 2327 Cum

253 2350 402 2384 autem
418 2344 461 2383 in
471 2343 736 2384 Pontificatu
745 2343 1019 2396 annos.xxiij
1031 2341 1053 2384 ¹.

255 2401 423 2442 menses
457 2415 512 2441 .x.
545 2401 640 2441 dies
673 2401 746 2454 .xj.
780 2399 1055 2443 Sanffisfime

254 2459 440 2508 vixisset,
482 2466 681 2499 mortuus
723 2460 767 2499 in
799 2459 1055 2499 coemeterio

255 2517 458 2557 I'riscillae
499 2517 571 2557 via
613 2515 803 2558 Salaria2
852 2516 1057 2570 sepelitur

252 2575 392 2629 pridie
414 2573 623 2615 calendas
647 2574 851 2628 Ianuarij.

253 2695 296 2739 ΙΙ
331 2692 514 2744 Hymni,
564 2692 784 2741 orationes,
843 2699 885 2733 et
942 2692 1057 2733 inni-

309 2749 470 2790 tatorz‘a
489 2750 667 2790 dicenda
682 2750 727 2790 in
738 2750 1057 2804 festinitatz'bns

297 2808 551 2859 sanderum
582 2808 737 2861 quibus
756 2808 939 2861 propria
973 2822 1054 2848 non

307 2865 586 2918 assignantur.

509 3001 520 3022 1
547 3001 656 3046 xxiiij.
679 3003 715 3035 P.

767 183 1020 216 COMMVNE
1053 186 1283 220 SANCTOR
1293 190 1369 222 VM.

1113 267 1157 313 (I
1197 264 1426 307 Commune
1440 267 1716 321 apostolorum
1732 275 1774 310 et
1787 281 1916 310 euan-

1377 324 1643 379 gelssarnm.

1219 413 1302 454 Ad
1327 415 1529 468 vesperas.
1588 416 1801 470 Hymnus.

1134 543 1136 547 ,
1169 505 1407 560 &Xultet
1475 506 1638 548 coelum
1698 507 1916 556 laudibus,

1132 552 1203 591 ³3³4<
1278 563 1478 606 Resultet
1526 571 1644 606 terra
1692 566 1866 620 gaudijs
1908 581 1918 608 z

1117 621 1433 676 Apostolorum
1515 622 1701 677 gloriam
1781 623 1918 666 Sacra

1117 685 1282 721 canunt
1304 679 1507 722 solennia.

1174 738 1268 779 Vos
1290 737 1387 778 secli
1410 737 1506 779 iusti
1535 738 1712 790 iudices,
1735 739 1795 781 Et
1815 753 1918 781 vera

1119 796 1272 837 mundi
1309 795 1479 837 lumina
1518 796 1646 837 Votis
1688 811 1919 851 precamur
1971 800 1974 802 ’

1121 854 1332 895 Cordium
1375 869 1383 894 ε
1423 853 1594 896 Audite
1633 869 1785 909 preces
1821 855 1918 910 sup-

1119 912 1295 966 plicum.

1179 969 1268 1023 Qui
1319 969 1490 1010 coelum.
1527 970 1662 1011 verbo
1702 970 1920 1021 clauditis,

1120 1027 1316 1081 serasque
1364 1028 1457 1068 eius
1498 1028 1663 1069 soluitis
1707 1043 1716 1070 z
1758 1030 1854 1071 Nos
1894 1028 1921 1071 a

1120 1086 1312 1139 peccatis
1356 1086 1562 1127 omnibus
1600 1086 1771 1128 Soluite
1811 1088 1919 1130 iussu

1121 1143 1381 1198 quaesumus.

1181 1201 1382 1255 Quorum
1438 1208 1662 1256 praecepto
1723 1202 1921 1245 subditur

1124 1259 1265 1309 Salus,
1323 1266 1367 1300 et
1422 1259 1608 1313 languor
1657 1261 1856 1302 omnium
1913 1276 1922 1303 z

1122 1317 1271 1358 sanate
1299 1331 1440 1371 aegros
1473 1318 1666 1359 moribus
1698 1319 1793 1360 Nos
1825 1320 1921 1361 red-

1122 1376 1278 1416 dentes
1300 1376 1543 1416 virtutibus.

1180 1433 1242 1474 Vt
1264 1447 1364 1474 cum
1383 1434 1518 1475 iudex
1536 1433 1766 1476 aduenerit
1781 1433 1922 1477 Chris-

1122 1497 1193 1532 tus
1216 1491 1258 1531 in
1282 1491 1368 1532 fine
1391 1491 1531 1542 seculi,
1555 1492 1649 1532 Nos
1672 1493 1922 1546 sempiterni

1124 1549 1274 1603 gaudij
1298 1549 1432 1590 faciat
1454 1550 1537 1591 esse
1559 1556 1801 1604 compotes

1183 1607 1281 1647 Deo
1323 1608 1437 1661 patri
1469 1608 1518 1649 s1t
1548 1607 1698 1661 gloria,
1731 1609 1923 1663 Eiusque

1124 1665 1198 1705 soli
1251 1664 1341 1705 filio
1393 1665 1507 1707 Cum
1570 1666 1735 1720 Spiritu
1797 1681 1923 1721 para-

1123 1722 1238 1763 cleto
1272 1723 1331 1764 Et
1360 1736 1475 1764 nunc
1497 1730 1541 1765 et
1571 1724 1612 1765 in
1643 1731 1920 1779 perpetuum.

1124 1780 1283 1821 Amen.

1124 1903 1167 1948 {1
1202 1900 1284 1942 Ad
1310 1901 1575 1943 matutinum
1606 1902 1921 1946 znuz‘tatorium.

1183 1987 1355 2041 Regem
1378 1988 1674 2042 apostolorum
1691 1990 1921 2032 dominum

1122 2046 1270 2087 venite
1292 2047 1537 2087 adoremus.

1417 2155 1633 2208 Hymnus.

1126 2229 1356 2310 AEterna
1366 2230 1521 2272 Christi
1538 2245 1719 2273 munera
1733 2231 1923 2286 Aposto-

1244 2287 1385 2328 lorum
1419 2288 1604 2342 gloriam
1643 2290 1820 2331 Laudes
1852 2305 1924 2332 ca-

1125 2351 1281 2386 nentes
1317 2346 1491 2387 debitas
1535 2347 1671 2388 Laetis
1712 2362 1923 2390 canamus

1126 2404 1358 2445 mentibus.

1185 2461 1474 2503 Ecclefiarum
1530 2463 1760 2517 principes,
1814 2463 1922 2505 Belli

1125 2519 1436 2572 Triumphales
1462 2520 1607 2570 duces,
1631 2521 1828 2563 Coelestis
1849 2536 1924 2563 au-

1126 2577 1179 2617 1ae
1221 2577 1392 2626 milites,
1431 2578 1491 2618 Et
1531 2592 1634 2620 vera
1669 2580 1822 2620 mundi
1860 2579 1924 2621 lu-

1127 2648 1257 2675 mma.

1186 2693 1363 2733 Deuota
1405 2692 1651 2734 sannorum
1693 2694 1814 2744 fides,
1852 2695 1922 2736 In-

1127 2749 1245 2791 ιιίξὶεῑ
1281 2750 1375 2803 spes
1412 2752 1696 2801 credentium,
1730 2751 1925 2793 Perfe&a

1127 2808 1283 2850 Christi
1315 2809 1504 2849 charitas
1538 2824 1546 2850 :
1583 2810 1740 2852 Mundi
1772 2811 1925 2851 trium-

1128 2866 1237 2919 phat
1259 2866 1517 2920 principem.

1290 3001 1304 3023 ²
1329 3003 1462 3037 sasaria
1481 3017 1486 3038 ;
1508 3005 1545 3038 Ρ.
