2066 3392
929 196 1004 228 MA
1007 196 1040 228 R
1046 196 1100 228 TI
1100 197 1168 230 US.

195 276 327 327 libris,
370 275 571 318 adhibita
622 275 756 316 etiam
798 274 994 329 quadam

195 334 310 385 lima,
334 334 466 376 senex
488 332 754 388 complexus
775 332 846 374 est.
901 332 994 374 Ro-

195 406 314 434 mam
342 406 446 434 vero
474 391 704 433 accersitus
732 390 790 432 ab
809 390 994 432 Vrbano

194 464 313 505 papa
354 450 506 504 spretis
552 449 858 503 dignitatibus,
893 462 993 502 quae

191 508 306 550 vltro
339 508 414 562 ipsi
445 507 472 549 a
501 507 709 562 pontifice
748 506 993 548 offereban-

193 572 275 616 tur,
290 566 397 607 nulli
413 566 472 607 rei
488 572 783 620 praeterquam
802 564 991 614 lectioni,

193 630 238 666 et
259 624 480 679 scriptioni
502 624 700 665 vacabat.
745 622 833 677 Qui
856 623 991 664 etiam

191 683 346 724 viuens
403 681 623 723 miraculis
680 681 847 730 claruit,
902 680 992 723 Sed

192 740 323 782 iussus
361 739 387 781 a
426 738 636 794 pontifice
678 739 892 793 Gregorio
933 753 989 781 .x.

194 797 465 852 Lugdunum
500 798 556 839 ad
590 796 838 846 concilium,
872 797 991 851 quod

193 856 251 897 ibi
285 856 538 910 cogebatur,
572 855 852 904 contendere,
884 855 991 896 dum

192 912 512 968 profectionem
547 919 722 967 pararet
755 912 863 954 febri
898 926 993 953 cor-

193 978 342 1026 reptus
381 972 436 1013 ad
473 971 783 1012 monasterium
819 970 992 1012 Fossam

193 1043 355 1071 nouam
418 1029 694 1083 appellatum
756 1028 993 1082 emigrauit

191 1088 247 1129 ad
289 1087 521 1129 dominum
554 1100 672 1128 anno
710 1085 867 1128 Christi
900 1087 991 1127 nati

191 1146 266 1188 .Μ.
288 1159 348 1187 cc.
371 1145 533 1198 lxxiiij.
558 1145 686 1187 nonis
719 1144 883 1198 Martij,
907 1144 994 1185 suae

192 1217 296 1245 vero
391 1203 537 1244 aetatis
620 1202 992 1256 quinquagesimo.

193 1260 339 1316 Quem
357 1261 638 1316 postmodum
663 1260 854 1302 Ioannes
876 1274 995 1314 papa

188 1319 314 1372 .xxij.
381 1317 629 1361 sanGtorum
672 1317 988 1361 ‚confessorum

196 1391 381 1419 numero
403 1377 675 1431 aggregauit.

192 1483 238 1530 (Ι
257 1479 565 1535 Quadraginta
587 1479 747 1522 milites
769 1486 993 1533 martyres.

459 1537 604 1580 Lectio
626 1537 724 1592 .iz·j¹.

256 1607 350 1649 Pud
375 1607 586 1650 Sebasten
605 1607 834 1649 Armeniae
852 1608 993 1650 mino-

312 1666 369 1707 ris
403 1666 555 1707 vrbem
592 1671 794 1720 tempore
831 1665 989 1719 Licinij

192 1724 469 1779 imperatoris
519 1723 700 1778 praeside
750 1723 993 1778 Agricolao

190 1782 486 1837 quadraginta
547 1781 709 1823 milites
771 1781 991 1824 christiani

191 1839 503 1894 comprehensi,
557 1839 653 1893 post
712 1839 887 1881 vincula
947 1846 992 1881 et

190 1898 408 1939 cruciatus
424 1897 677 1939 custodibus
700 1897 925 1952 impositis,
947 1898 989 1939 in

192 1954 392 2010 stagnum
423 1955 528 1996 missi
559 1955 657 1996 sunt
680 1955 867 1997 instante
889 1955 990 1997 bru-

192 2026 277 2063 ma,
318 2019 364 2054 vt
410 2027 526 2067 aqua
569 2011 786 2054 no&urno
830 2013 990 2067 frigore

189 2070 505 2119 concrescente,
535 2068 767 2112 constrifta
798 2070 989 2125 ipsorum

191 2141 377 2182 corpora
397 2129 765 2182 dirumperentur,
790 2128 990 2182 apposito

190 2193 340 2227 tamen
370 2186 543 2234 balneo,
563 2200 653 2240 quo
682 2192 854 2240 pateret
882 2186 989 2227 effu-

189 2244 326 2298 gium,
347 2243 375 2284 si
397 2244 496 2298 quis
514 2257 666 2285 eorum
686 2242 712 2285 a
729 2243 990 2285 confessione

191 2300 348 2343 Christi
375 2300 627 2343 discessisset.
690 2301 847 2355 Itaque
878 2315 990 2343 vnus

191 2358 364 2413 frigoris
381 2358 708 2400 vehementiam
726 2372 814 2400 non
833 2358 988 2409 ferens,

191 2423 354 2471 negato
376 2416 546 2459 Christo
575 2417 630 2458 ad
653 2416 861 2458 balneum
884 2426 986 2458 coii-

190 2473 315 2529 fugit.
377 2474 465 2517 Sed
488 2487 589 2516 cum
618 2474 810 2528 primum
837 2474 987 2529 attigit

188 2532 380 2573 calorem
421 2532 654 2586 expirauit.
746 2531 849 2587 Quo
890 2546 987 2587 per-

190 2588 338 2644 speesto
373 2589 518 2631 caeteri
555 2590 698 2644 gratia
731 2589 888 2633 Christi
922 2604 986 2632 re-

189 2648 323 2689 creati
362 2647 405 2688 in
441 2647 513 2689 dei
549 2647 702 2689 laudes
735 2654 982 2702 eruperunt.

190 2704 319 2748 Circa
336 2704 489 2746 horam
507 2703 631 2746 vero¹
651 2706 826 2747 tertiam
843 2704 986 2748 notffis

189 2762 456 2817 resplenduit
517 2762 638 2804 velut
708 2762 766 2804 sol
836 2764 984 2805 lumen

188 2820 324 2875 super,
366 2834 454 2870 eos,
495 2827 539 2862 et
583 2820 746 2875 glacies
781 2821 986 2863 dissoluta

187 2878 260 2921 est.
330 2877 596 2921 Custodibus
639 2884 789 2921 autem
832 2878 986 2921 somno

330 3017 343 3040 ¹
368 3018 430 3054 die
446 3027 490 3064 .9.
509 3018 551 3054 in
569 3029 614 3053 m.

917 3018 931 3041 ²
955 3030 1045 3055 vera
1066 3030 1073 3055 :
1092 3019 1136 3055 A.

1790 192 1872 234 119

1063 274 1260 329 grauatis
1276 275 1389 316 solus
1407 275 1616 316 custodiae
1633 273 1868 329 praefec'tus

1061 332 1288 386 vigilabat,
1329 334 1405 387 qui
1446 333 1632 374 audiens
1677 338 1866 382 orantes,

1063 390 1334 445 miratusque
1385 390 1541 440 lucem,
1584 405 1635 432 ac
1677 390 1867 445 glaciem

1063 448 1299 490 resolutam
1324 465 1332 490 ε
1354 449 1465 490 vidit
1494 449 1621 502 super
1642 462 1718 490 eos
1740 462 1864 489 coro-

1062 520 1142 548 nas
1157 506 1473 548 descendentes
1488 520 1672 548 numero
1684 506 1867 560 triginta

1063 578 1236 606 nouem.
1318 565 1445 606 Tunc
1496 579 1601 606 vero
1653 564 1866 605 miraculo

1062 629 1313 664 commotus
1361 621 1687 677 expergefactis
1739 622 1864 676 socijs

1062 682 1246 734 proiecit
1306 681 1569 723 vestimenta
1626 682 1668 722 in
1731 679 1865 722 facies

1061 753 1227 789 eorum,
1269 746 1315 780 et
1356 739 1532 780 exiliuit
1574 740 1617 780 in
1660 738 1864 793 stagnum

1063 797 1255 839 clamore
1278 797 1318 838 se
1340 797 1624 838 christianum
1653 797 1737 838 effe
1766 810 1866 850 pro-

1063 854 1201 896 fessus.
1266 855 1380 897 Cum
1412 862 1562 897 autem
1586 851 1797 896 illuxisset
1820 861 1865 896 et

1063 910 1252 954 extraEti
1274 913 1363 954 fere
1385 927 1540 954 omnes
1558 913 1693 955 essent
1711 914 1865 954 exani-

1063 985 1156 1012 mes
1186 972 1275 1025 igni
1305 972 1456 1012 traditi
1486 971 1596 1021 sunt‚
1618 985 1669 1012 ac
1695 972 1864 1012 cineres

1063 1029 1106 1070 in
1140 1029 1323 1071 fluuium
1356 1027 1551 1083 proie6fi,
1582 1036 1630 1071 vt
1661 1043 1740 1083 per
1770 1043 1865 1070 om-

1064 1101 1165 1128 nem
1197 1094 1445 1129 creaturam
1482 1101 1636 1128 eorum
1667 1087 1866 1129 transiret

1063 1151 1299 1193 certamen,
1321 1151 1368 1187 vt
1391 1160 1493 1187 vere
1522 1146 1681 1199 possint
1708 1159 1865 1187 vocem

1063 1203 1184 1245 illam
1217 1203 1432 1257 vsurpaoe,
1454 1203 1756 1245 Transiuimus
1788 1217 1867 1258 per

1062 1261 1210 1315 ignem
1234 1267 1277 1303 et
1299 1275 1475 1315 aquam,
1497 1268 1542 1302 et
1570 1261 1760 1303 eduxisti
1784 1275 1865 1303 nos

1063 1320 1106 1360 in
1131 1319 1414 1374 refrigerium.
1473 1319 1580 1361 Passi
1599 1319 1697 1361 sunt
1714 1326 1864 1361 autem

1062 1377 1248 1432 septimo
1270 1378 1369 1419 idus
1392 1377 1554 1432 Martij.

1384 1491 1547 1534 Oratio.

1068 1565 1294 1648 PRaesta
1312 1566 1562 1620 quaesumus
1580 1566 1865 1620 omnipotens

1176 1625 1299 1674 deus,
1320 1630 1367 1666 vt
1399 1625 1474 1678 qui
1506 1624 1719 1678 gloriosos
1752 1638 1865 1666 mar-

1061 1688 1182 1736 tyres
1224 1681 1358 1724 fortes
1399 1683 1441 1723 in
1485 1682 1559 1723 sua
1601 1682 1865 1724 confessione

1060 1741 1352 1793 cognouimus
1394 1756 1402 1782 ε
1442 1740 1539 1794 pios
1576 1741 1697 1794 apud
1734 1746 1779 1782 te
1820 1741 1864 1782 in

1061 1798 1207 1840 nostra
1244 1799 1545 1840 intercessione
1582 1798 1820 1840 sentiamus
1858 1815 1866 1840 ε

1061 1869 1149 1910 per.

1060 1956 1105 2002 (I
1143 1953 1379 2007 Gregorius
1404 1961 1521 2007 papa
1554 1954 1758 2007 confeſjbr
1785 1954 1863 1996 du-

1193 2012 1296 2064 plex
1315 2011 1471 2053 minus.
1536 2011 1699 2053 Oratio.

1066 2086 1258 2168 DEus,
1295 2087 1370 2140 qui
1408 2087 1569 2126 animae
1606 2085 1759 2127 famuli
1797 2086 1861 2127 tui

1198 2143 1398 2197 Gregorij
1441 2150 1620 2185 aeternae
1672 2144 1863 2185 beatitu-

1058 2201 1174 2243 dinis
1192 2202 1374 2255 praemia
1392 2200 1610 2243 contulisti
1637 2215 1646 2243 ε
1668 2202 1863 2244 concede

1058 2259 1276 2313 propitius
1316 2275 1323 2300 :
1367 2265 1414 2300 vt
1456 2260 1531 2313 qui
1574 2266 1860 2313 peccatorum

1060 2316 1303 2358 nostrorum
1342 2318 1538 2371 pondere
1574 2318 1818 2371 premimur
1854 2331 1862 2359 :

1057 2374 1150 2415 eius
1186 2375 1305 2429 apud
1345 2381 1390 2416 te
1424 2375 1629 2429 precibus
1665 2374 1863 2418 subleue-

1058 2445 1156 2474 mur
1183 2449 1190 2475 :
1212 2446 1301 2487 per.

1290 2512 1432 2555 Lectio
1453 2511 1614 2555 tertia³.

1057 2586 1360 2671 GRegorius
1389 2588 1533 2641 patria
1563 2602 1771 2630 romanus
1798 2603 1856 2631 ex

1160 2645 1314 2687 ordine
1337 2645 1554 2687 senatorio
1577 2659 1741 2700 magno
1763 2661 1858 2689 om-

1056 2703 1178 2744 nium
1196 2703 1402 2745 consensu
1423 2703 1587 2745 inuitus
1605 2705 1741 2746 etiam
1757 2719 1858 2747 cum

1057 2760 1302 2803 monachus
1359 2761 1476 2813 esset,
1527 2769 1661 2816 atque
1723 2762 1860 2805 leuita

1056 2818 1262 2873 pontifex
1303 2825 1477 2861 creatur
1526 2833 1646 2862 anno
1687 2821 1857 2863 domini

1057 2876 1134 2919 .dc.
1157 2876 1252 2918 xix.
1314 2876 1403 2932 Qui
1426 2877 1481 2919 fic
1501 2878 1627 2927 vixit,
1649 2885 1697 2921 vt
1719 2878 1860 2921 claris-

1424 3019 1438 3042 ³
1462 3019 1523 3056 die
1544 3030 1584 3056 12
1603 3022 1644 3056 in
1663 3033 1710 3059 m.
