2066 3392
573 218 826 252 Doaumca
860 219 1021 251 PRIMA
1053 219 1125 252 AD
1132 218 1343 254 UENTc's.
1749 209 1799 252 25

185 293 275 349 Qui
295 294 538 337 condolens
563 296 743 338 interitu
767 296 928 337 Mortis

129 354 268 405 perire
282 352 491 396 seculum:
507 354 696 396 Saluasti
712 354 927 395 mundum

129 410 398 464 languidum,
435 412 624 454 Donans
661 413 744 454 reis
791 425 928 453 reme-

128 468 263 509 dium.

186 525 408 581 Vergente
443 527 598 569 mundi
631 527 819 582 vespere,
851 527 928 569 Vti

129 582 306 637 sponsus
327 585 383 626 de
399 585 609 636 thalamo,
630 585 835 640 Egressus
852 585 930 626 ho-

129 641 358 739 pelstiffima
397 643 578 697 virginis
617 644 770 685 matris
811 643 930 685 clau-

149 713 175 740 u
194 713 231 741 a.

188 756 327 799 Cuius
381 758 482 800 forti
537 759 751 813 potentiae
813 773 930 814 genu

130 822 368 856 curuantur
397 817 547 858 omnia
579 832 587 858 :
618 816 820 866 coelestia,
845 824 931 859 ter-

131 871 278 914 restria
299 881 408 915 nutu
430 874 626 916 fatentur
646 875 829 917 subdita.

189 930 256 972 Te
286 932 576 986 deprecamur
602 934 703 986 agie
734 933 931 975 Venture

132 987 269 1029 iudex
303 988 431 1030 seculi
466 1003 475 1031 :
509 990 730 1032 Conserua
766 1005 848 1032 nos
886 991 929 1032 in

132 1051 333 1100 tempore
357 1047 508 1089 Hostis
529 1047 555 1089 a
577 1048 667 1089 telo
689 1048 855 1103 perfidi.

191 1103 324 1154 Laus,
344 1104 497 1155 honor,
514 1108 664 1155 virtus,
684 1107 825 1160 gloria
846 1107 932 1148 deo

132 1161 258 1214 patri,
278 1169 324 1204 et
350 1162 452 1214 filio,
476 1162 625 1206 santffto
653 1164 776 1205 simul
805 1179 932 1218 para-

131 1219 259 1270 cleto,
329 1221 374 1262 in
455 1221 696 1264 seculorum
777 1222 930 1264 secula.

130 1275 293 1320 Amen.

187 1351 434 1394 Proedz‘c‘lus
463 1352 649 1407 hymnus
679 1354 844 1396 dicitur
874 1354 938 1396 ad

130 1408 329 1462 vesperas,
351 1411 476 1465 vsque
500 1412 564 1453 ad
587 1412 790 1466 vzgiliam
818 1413 932 1454 nati-

131 1467 284 1509 uitatis
316 1468 486 1511 domim·
515 1469 727 1524 exclzfiue,
762 1470 934 1524 quando

131 1538 215 1566 non
234 1525 386 1580 agitur
402 1527 454 1568 de
461 1527 626 1580 sanilo.
685 1529 792 1583 Post
812 1529 931 1581 leym·

131 1595 236 1624 num
251 1583 422 1638 semper
437 1585 644 1627 dicuntur
668 1592 753 1627 tres
772 1586 936 1642 psalmi

133 1646 183 1681 vt
202 1640 247 1683 in
263 1641 477 1696 psalterio,
495 1643 651 1697 quibus
663 1644 817 1698 finitis
835 1658 931 1686 cum

130 1699 299 1741 cantico.
314 1700 585 1754 Magnificat.
598 1701 761 1743 dicitur
777 1702 823 1744 V.
840 1703 931 1743 Do-

134 1756 252 1798 mine
287 1759 451 1800 exaudi
487 1760 733 1801 orationem
771 1773 929 1802 meam.

131 1820 201 1856 etc.
236 1815 382 1857 omnia
414 1823 463 1858 vt
482 1817 623 1871 ficpra
657 1818 722 1859 ad
753 1819 930 1860 manati-

133 1885 237 1916 num
257 1873 340 1927 nifi
366 1874 541 1928 vespcrce
562 1874 748 1918 dicendae
759 1876 857 1930 fint
880 1877 931 1917 de

131 1929 276 1983 aliquo
284 1931 394 1986 festo
413 1933 574 1986 duplici
583 1933 802 1988 sequentis
820 1934 930 1976 diei.-

133 1993 233 2029 tunc
258 1989 372 2031 enim
401 1989 595 2043 hymnus,
626 1998 669 2033 et
695 1992 834 2034 oratio
863 1993 930 2034 di-

131 2053 279 2087 centur
294 2047 345 2089 de
364 2048 449 2103 ipso
458 2049 578 2104 festa.

229 2161 274 2208 ΙΙ
297 2160 337 2202 A
343 2161 378 2202 d
391 2163 716 2217 completorium.
789 2164 833 2207 V.

177 2257 235 2323 ,¹:³³
254 2257 463 2301 Onverte
492 2274 570 2302 nos
600 2261 710 2303 deus
737 2261 934 2304 salutaris

148 2319 149 2323 ’
297 2316 448 2359 noster.
484 2319 540 2361 R.
574 2319 631 2360 Et
649 2327 799 2361 auerte
823 2321 930 2362 iram

133 2380 256 2416 tuam
278 2373 303 2416 ὲ
325 2376 463 2418 nobis.
535 2376 581 2419 V.
631 2378 753 2419 Deus
782 2379 824 2420 in
855 2380 932 2420 ad-

133 2431 339 2474 iutorium
396 2447 542 2476 meum
595 2435 807 2479 intende¹.
861 2444 930 2478 etc.

134 2488 345 2542 Hymnus.

216 2575 254 2617 E
275 2575 384 2618 lucis
405 2583 508 2619 ante
525 2579 763 2621 terminum
788 2594 929 2621 rerum

241 2641 411 2676 creator
441 2636 658 2689 poscimus
692 2653 699 2678 :
734 2646 779 2678 vt
810 2638 932 2680 solita

134 2689 368 2733 clementia
382 2692 433 2733 sls
447 2694 600 2747 praesul
611 2695 665 2736 ad
676 2696 931 2738 custodiam.

195 2748 348 2791 Procul
399 2752 606 2793 recedant
657 2752 834 2801 somnia,
887 2762 931 2796 ct

136 2804 330 2848 noctium
364 2807 672 2861 phantasmata
703 2826 712 2852 z
744 2811 931 2854 hostem-

206 2927 216 2950 ¹
243 2938 365 2964 meum
385 2929 535 2967 intende
558 2935 680 2969 :omia
699 2936 742 2970 R.
771 2937 933 2973 Domine

136 2974 184 3010 ad
202 2983 271 3010 etc.
294 2977 403 3012 :add.
428 2979 465 3013 P.

205 3021 256 3044 ²‘²
282 3023 383 3057 omit.
406 3025 446 3059 Α.

998 311 1084 350 que
1116 296 1310 338 nostrum
1341 294 1597 350 comprime,
1623 307 1678 336 ne
1709 293 1805 348 pol-

999 355 1178 396 luantur
1198 368 1398 408 corpora.

1058 412 1219 454 Praesta
1254 417 1381 466 pater
1412 410 1696 464 omnipotens
1727 423 1806 462 per

999 470 1134 512 iesum
1171 470 1377 511 christum
1413 469 1646 510 dominum
1684 483 1692 508 :
1729 467 1803 520 qui

1000 535 1146 570 tecum
1171 528 1213 569 in
1235 533 1498 583 perpetuum
1521 530 1678 580 regnat
1702 538 1803 566 cum

1001 585 1150 628 sanEto
1172 586 1336 640 spiritu.
1397 585 1560 626 Amen.

1057 644 1225 686 Deinde
1249 650 1334 685 tres
1353 642 1520 696 psalmi
1545 648 1594 683 vt
1619 640 1666 682 in
1686 640 1805 695 psal-

1001 702 1117 752 teria,
1148 702 1303 756 quibus
1326 701 1479 756 finitis
1506 714 1602 742 cum
1632 699 1804 740 cantico.

1002 761 1134 801 Nunc
1148 760 1347 802 dimittis.
1365 758 1538 800 dicitur.
1554 757 1600 800 V.
1611 757 1805 798 Domine

1001 819 1166 859 exaudi
1180 817 1446 859 ²oratione1n
1463 814 1642 869 meam—².
1669 814 1723 856 R.
1745 815 1806 856 Et

1000 877 1168 917 clamor
1183 874 1328 917 ⁸meus
1345 875 1402 916 ad
1420 882 1464 916 te
1481 871 1661 916 veniat³.
1695 872 1805 916 Ore-

1002 948 1110 975 mus.
1176 933 1340 976 Oratio.

1003 1009 1196 1093 VIfita
1217 1008 1467 1063 quaesumus
1485 1005 1664 1049 domine
1681 1006 1805 1048 habi-

1120 1068 1336 1109 tationem
1369 1066 1493 1107 istam
1532 1081 1541 1107 :
1574 1072 1619 1107 et
1650 1079 1806 1106 omnes

1002 1125 1176 1167 infidias
1207 1125 1372 1176 inimici
1404 1125 1461 1166 ab
1492 1137 1544 1165 ea
1575 1123 1707 1177 longe
1741 1137 1805 1164 re-

1002 1183 1117 1237 pelle
1146 1199 1155 1224 :
1186 1182 1332 1237 angeli
1362 1183 1424 1224 tui
1447 1179 1582 1223 saneti
1603 1181 1807 1222 habitent

1002 1242 1045 1282 in
1063 1256 1116 1283 ea
1133 1256 1141 1282 :
1158 1242 1232 1295 qui
1248 1255 1328 1282 nos
1346 1241 1389 1281 in
1407 1254 1516 1294 pace
1532 1239 1780 1281 custodiant
1798 1255 1807 1280 ε

1001 1305 1046 1340 et
1079 1297 1328 1340 benedictio
1364 1305 1441 1339 tua
1478 1298 1527 1339 fit
1564 1297 1690 1351 super
1725 1311 1807 1338 nos

1002 1357 1179 1411 semper.
1228 1357 1309 1398 Per
1329 1356 1560 1398 dominum
1583 1353 1806 1396 nostrum⁴.

1001 1415 1056 1457 R.
1110 1415 1271 1456 Amen.
1379 1413 1424 1456 V.
1483 1414 1805 1455 Benedicamus

1001 1473 1196 1514 domino.
1262 1472 1318 1514 R.
1371 1473 1472 1514 Deo
1507 1472 1685 1526 gratias,
1757 1470 1803 1513 V.

1004 1531 1222 1572 Fidelium
1255 1530 1416 1572 animae
1453 1543 1531 1584 per
1567 1529 1805 1571 misericor-

1001 1589 1121 1630 diam
1163 1589 1235 1630 dei
1274 1588 1546 1642 requiescant
1592 1588 1636 1628 in
1682 1601 1804 1642 pace.

1001 1647 1058 1688 R.
1100 1646 1268 1688 Amen.
1318 1646 1386 1687 Et
1400 1646 1467 1700 stc
1473 1645 1610 1701 finito
1630 1645 1802 1699 comple-

1001 1704 1109 1746 torio
1128 1704 1300 1747 dicitur.

1004 1779 1197 1863 SAlue
1246 1779 1399 1833 regina
1439 1778 1745 1820 misericordiae
1793 1795 1802 1820 ε

1104 1838 1207 1887 vita,
1232 1837 1436 1889 dulcedo,
1465 1843 1510 1879 et
1535 1837 1630 1891 spes
1660 1836 1804 1878 nostra

999 1895 1127 1937 salue.
1188 1894 1266 1937 Ad
1298 1902 1342 1936 te
1373 1895 1618 1936 clamamus
1646 1895 1803 1936 exules

999 1953 1072 2007 filij
1097 1953 1218 1995 Euae.
1279 1953 1354 1995 Ad
1377 1959 1422 1994 te
1443 1953 1702 2006 suspiramus
1730 1966 1805 2006 ge-

1002 2018 1187 2060 mentes,
1210 2017 1255 2052 et
1278 2010 1434 2052 flentes
1457 2011 1500 2052 in
1522 2010 1604 2052 hac
1633 2010 1803 2064 lachry-

1002 2083 1172 2111 marum
1208 2069 1332 2111 valle.
1397 2070 1497 2122 Eya
1527 2082 1632 2122 ergo
1665 2069 1803 2109 aduo-

1002 2134 1101 2169 cata
1115 2127 1271 2176 nostra,
1281 2127 1378 2168 illos
1393 2134 1492 2167 tuos
1505 2126 1803 2167 misericordes

1001 2185 1151 2226 oculos
1166 2186 1221 2226 ad
1238 2199 1318 2226 nos
1334 2191 1543 2226 conuerte
1563 2198 1572 2226 ε
1591 2185 1650 2225 Et
1669 2184 1801 2226 iesum

1001 2241 1283 2284 benedifium
1319 2240 1507 2284 srucftum
1541 2243 1705 2283 ventris
1739 2243 1803 2284 tui

1002 2301 1129 2341 nobis
1158 2300 1252 2354 post
1280 2300 1364 2342 hoc
1394 2300 1577 2341 exilium
1611 2299 1804 2349 ostende,

1004 2359 1043 2400 O
1070 2359 1277 2407 clemens,
1297 2373 1324 2399 o
1353 2359 1438 2413 pia,
1461 2371 1488 2399 o
1516 2358 1658 2399 dulcis
1678 2359 1803 2410 virgo

1004 2417 1156 2458 Maria.
1210 2416 1255 2458 V.
1289 2416 1380 2458 Ora
1403 2430 1482 2470 pro
1505 2416 1632 2457 nobis
1654 2413 1802 2457 sanc‘ta

1001 2475 1071 2516 dei
1104 2475 1310 2528 genitrix,
1374 2475 1427 2516 R.
1479 2474 1542 2515 Vt
1568 2474 1689 2526 digni
1713 2474 1803 2515 effi-

1001 2534 1169 2574 ciamur
1190 2532 1542 2587 promissionibus
1563 2531 1718 2574 christi.

1188 2622 1390 2664 oremus.
1438 2621 1618 2671 Oratio.

1004 2697 1354 2783 OMnipotcns
1389 2697 1649 2751 sempiterne
1682 2698 1803 2743 deus.

1123 2756 1197 2810 qui
1219 2755 1417 2809 gloriosa:
1440 2756 1619 2809 virginis
1650 2756 1804 2796 Maria„-

1001 2828 1172 2868 corpus,
1205 2820 1249 2855 et
1285 2814 1494 2863 animam,
1531 2821 1578 2855 vt
1619 2814 1803 2867 dignum

1074 2938 1127 2959 ³²³
1152 2939 1252 2973 omit.
1273 2938 1315 2972 Λ.

1077 2985 1172 3020 ‘etta
1205 2989 1248 3020 vt
1274 2988 1312 3031 p.
1346 2995 1401 3030 23,
1432 2996 1466 3019 n.
1503 2995 1535 3028 4,
1573 2985 1656 3019 adzl.
1697 2986 1735 3020 R.
1769 2987 1803 3020 l'.

1004 3041 1070 3067 etc.
1098 3045 1103 3066 τ
1131 3032 1212 3066 add.
1235 3033 1276 3066 Α.
