2066 3392
219 185 298 220 120

212 269 366 312 fimum
388 271 649 325 exemplum
671 270 897 324 reliquerit
919 270 1010 311 suc-

214 328 448 370 cessoribus
471 329 553 370 suis
574 328 643 370 vel
661 342 833 370 morum
858 326 1012 369 sancti-

214 387 331 436 tatis,
383 387 452 429 vel
503 387 746 441 diligentiae
788 387 831 427 in
884 386 1013 427 rebus

214 445 409 498 agendis,
450 444 520 486 vel
570 442 784 486 doctrinae
827 460 835 485 :
878 457 1013 497 quam

215 502 347 555 varijs
396 502 563 557 scriptis
614 502 802 543 ostendit
855 518 863 543 :
913 515 1013 555 quae

215 560 357 601 multa
398 566 442 602 et
499 560 710 614 praeclara
770 559 1013 614 posteritati

214 617 401 671 reliquit.
466 618 554 659 Hic
586 618 769 659 instituit
797 623 844 658 vt
875 617 1015 671 Kyrie

216 676 374 717 eleison
407 677 559 717 nouies
596 677 639 716 in
676 674 852 717 ecclefia
886 688 1015 715 cane-

215 740 343 775 retur.
407 735 532 782 Item,
554 739 602 775 vt
623 739 875 774 cantaretur
904 732 1016 773 Hal-

216 791 360 841 leluia,
393 798 689 845 praeterquam
724 789 749 832 a
786 790 1015 844 septuage—

216 849 322 890 fima
349 850 483 904 vsque
509 850 564 890 ad
588 848 757 903 pascha.
821 848 948 889 Idem
972 849 1014 888 in

215 921 383 949 canone
425 907 595 961 redegit
647 907 769 948 illud.
824 906 1014 960 Diesque

215 965 382 1007 nostros
435 966 475 1006 in
529 971 606 1006 tua
646 978 755 1019 pace
796 964 1014 1018 disponas.

216 1024 312 1064 Nec
334 1037 422 1064 non
453 1023 792 1076 supplicationes
815 1023 1014 1071 maiores,

214 1095 324 1135 quas
356 1081 487 1135 graeci
523 1081 698 1122 litanias
732 1086 893 1121 vocant
930 1093 938 1120 ε
970 1085 1014 1121 et

215 1139 451 1180 stationum
476 1152 686 1193 magnam
704 1144 875 1192 partem
899 1137 1014 1178 insti-

211 1198 307 1238 tuit.
369 1197 445 1238 Ab
481 1197 564 1238 hoc
601 1197 750 1251 probis
786 1195 1012 1249 doctisque

212 1256 315 1297 viris
330 1256 384 1296 ad
401 1255 719 1308 predicandum
735 1254 1014 1308 euangelium

216 1314 346 1354 missls
361 1313 498 1367 Angli
513 1313 648 1354 fidem
669 1312 825 1354 Christi
844 1313 1014 1365 integre

215 1371 393 1425 publico
464 1370 670 1412 consensu
741 1375 1016 1424 acceperunt.

217 1429 425 1470 Eiusdem
444 1429 710 1482 potissimum
729 1426 883 1481 operal
906 1427 1014 1469 Got-

214 1487 279 1528 thi
309 1487 365 1528 ad
397 1486 661 1528 catholicam
693 1486 827 1526 fidem
861 1499 919 1526 ex
949 1499 1015 1526 ar-

216 1545 338 1586 riana
359 1543 474 1585 se&a
496 1542 695 1586 rediere².
759 1544 847 1584 Hic
869 1549 1014 1597 pater-

216 1617 319 1644 nam
372 1603 556 1643 domum
609 1602 652 1642 in
705 1601 1014 1642 monasterium

214 1661 445 1709 conuertit,
470 1660 544 1701 vbi
576 1673 792 1713 pauperes
824 1659 1015 1713 peregri-

215 1732 295 1759 nos
318 1718 474 1759 alebat.
535 1717 661 1771 Obijt
684 1731 802 1758 anno
824 1717 884 1757 sui
907 1730 1016 1770 pon-

215 1776 407 1817 tificatus
440 1775 544 1829 xiij.
581 1775 727 1817 mense
761 1774 826 1828 ,vj.
856 1780 1014 1829 quarto

215 1835 313 1876 idus
344 1834 541 1884 Martias,
578 1833 855 1887 sepultusque
883 1832 944 1874 est
973 1833 1015 1873 in

215 1892 390 1933 basilica
413 1892 541 1933 Petri.

247 1992 291 2037 ΙῙ
314 1988 560 2029 Alexander
577 1987 784 2041 episcopus
804 1993 983 2039 martyr.

491 2045 637 2087 Leaio
659 2044 756 2099 .z'z'j³.

217 2121 515 2203 ffexander
555 2120 795 2173 cappadox
846 2132 1020 2173 genere,

337 2192 437 2219 curn
475 2177 560 2219 suae
599 2178 745 2231 gentis
788 2177 1018 2231 episcopus

218 2236 333 2287 esset,
375 2236 590 2277 adorandi
633 2241 677 2276 et
725 2234 822 2276 loca
871 2233 1019 2276 san&a

217 2294 382 2335 visendi
412 2294 555 2348 gratia
586 2293 821 2334 Antonino
865 2293 1017 2335 Seueri

217 2351 307 2393 filio
369 2352 634 2405 imperatore
702 2350 1018 2404 Ierosolymam

216 2410 347 2451 venit.
411 2410 621 2463 Dumque
671 2409 824 2449 vrbem
876 2409 1018 2462 ingre—

216 2468 403 2517 deretur,
424 2481 516 2508 vox
545 2466 719 2508 coelitus
749 2465 776 2507 a
805 2465 1019 2520 plerisque

217 2525 423 2566 fratribus
458 2526 497 2566 ei
533 2525 712 2565 obuiam
750 2525 1018 2565 exeuntibus

218 2583 373 2624 audita
408 2582 479 2632 est,
515 2582 726 2636 Excipite
749 2580 1016 2635 episcopum,

217 2641 292 2694 qui
328 2640 454 2681 vobis
491 2639 518 2681 a
548 2640 632 2681 deo
669 2639 910 2681 destinatus
946 2639 1017 2680 est.

220 2699 377 2752 Itaque
400 2698 605 2739 Narcisus
629 2697 1019 2751 Ierosolymitanus

217 2756 444 2809 episcopus
505 2755 621 2796 hunc
684 2755 1017 2809 perhumaniter

217 2819 454 2867 receptum,
509 2813 742 2867 paulopost
796 2813 870 2854 fibi
928 2813 1015 2853 iam

285 2919 296 2940 ¹
324 2931 393 2964 cap
411 2929 453 2953 .2.
473 2920 514 2953 in
533 2931 578 2953 m.
596 2920 639 2954 V.

284 2966 298 2987 2
323 2966 442 3001 redire
465 2977 472 3000 ε
491 2966 535 2999 Α.

285 3013 298 3034 ³
323 3013 383 3048 die
400 3013 466 3047 .18.
486 3013 527 3046 in
546 3024 591 3046 m.

950 191 1061 224 MAR
1069 193 1121 224 TI
1122 193 1189 226 US.

1089 271 1206 312 senio
1276 269 1490 318 conftho,
1554 278 1598 313 et
1658 270 1884 325 pontificia

1087 343 1269 370 munera
1294 329 1416 370 obire
1446 330 1696 383 nequeunti,
1721 342 1885 384 magno

1085 386 1293 428 consensu
1330 387 1514 428 fratrum
1552 387 1595 427 in
1629 387 1882 441 episcopatu

1085 444 1341 486 admonitus
1371 443 1397 485 a
1418 445 1502 486 deo
1525 444 1700 486 suffecit.
1765 445 1883 486 Iero-

1085 501 1372 555 solymitanus
1394 502 1527 555 igitur
1547 502 1775 556 episcopus
1797 501 1885 543 fac-

1085 566 1167 609 tus,
1204 574 1303 601 cum
1347 558 1547 601 docfftrina
1588 567 1632 601 et
1673 559 1884 614 exemplo

1085 618 1202 671 apud
1245 631 1398 658 omnes
1439 618 1581 658 clarus
1624 618 1764 659 multa
1803 631 1884 671 pro

1084 675 1347 716 confeffione
1426 675 1584 717 Christi
1656 675 1882 730 perpessus

1087 732 1243 782 fuisset,
1294 733 1370 773 sub
1428 734 1568 774 Decio
1620 734 1884 786 imperatore

1086 790 1437 844 comprehensus,
1496 791 1730 845 multisque
1786 790 1881 845 sup-

1086 848 1228 902 plicijs
1247 863 1297 889 ac
1316 849 1581 889 cruciatibus
1599 849 1641 889 in
1660 849 1885 903 decrepita

1087 906 1172 947 iam
1206 913 1338 948 aetate
1370 904 1564 956 affectus,
1597 907 1703 947 dum
1736 905 1762 948 ὲ,
1792 907 1885 948 vin-

1086 964 1194 1005 culis
1226 965 1282 1005 ad
1316 964 1521 1014 tribunal,
1542 970 1586 1005 et
1618 963 1644 1005 a
1674 963 1883 1006 tribunali

1087 1028 1321 1063 reuocatur
1391 1022 1447 1063 ad
1522 1022 1715 1063 vincula<
1771 1023 1886 1064 inter

1087 1080 1176 1134 ipsa
1201 1086 1424 1121 tormenta
1445 1080 1657 1122 deficiens
1686 1080 1885 1134 spiritum

1085 1139 1277 1179 domino'
1319 1138 1512 1179 reddidit
1554 1153 1636 1179 .xv.
1678 1138 1886 1180 calendas

1086 1195 1265 1250 Aprilis.

1098 1296 1142 1342 (I
1166 1293 1309 1347 Ioseph
1329 1293 1531 1347 confessor
1549 1293 1701 1347 duplex
1720 1292 1888 1358 minu-5.-

1407 1351 1569 1393 Oratio.

1089 1425 1350 1510 COncede
1391 1426 1641 1480 quaesumus
1682 1425 1886 1479 omnipo-

1201 1490 1298 1525 tens
1335 1485 1456 1533 deus,
1488 1491 1535 1525 vt
1565 1483 1684 1524 beati
1715 1482 1887 1537 Ioseph,

1085 1542 1298 1596 vnigeniti
1333 1541 1408 1595 filij
1445 1542 1509 1582 tui
1548 1541 1700 1582 matris
1737 1540 1887 1594 sponsi,

1086 1600 1384 1640 intercessione
1407 1600 1463 1640 ab
1491 1599 1699 1640 omnibus
1730 1599 1886 1640 aduer-

1085 1657 1281 1699 fitatibus
1300 1657 1537 1699 liberemur
1558 1672 1566 1697 ε
1591 1670 1669 1710 per
1691 1657 1883 1698 eundem

1085 1715 1315 1756 dominum
1339 1715 1545 1756 nostrum.

1087 1814 1131 1859 {I
1175 1812 1248 1852 Ex
1285 1811 1464 1852 homilia
1487 1811 1638 1863 sandi
1668 1810 1892 1851 Bernardi

1127 1869 1263 1923 saper
1280 1869 1428 1922 missus
1447 1869 1511 1923 est.
1571 1868 1717 1909 Lec‘lz‘o
1738 1866 1834 1923 ,z'g‘jfl

1098 1943 1191 2027 M
1209 1943 1620 2020 Issus-estangelps
1650 1943 1830 2009 Gabriel
1861 1942 1887 1985 a

1226 2003 1310 2043 deo
1328 2015 1370 2042 1n
1386 2008 1566 2042 ciu1tate
1603 2000 1800 2042 Gahlaeae
1817 2015 1886 2043 cui

1089 2073 1250 2101 nomen
1295 2059 1519 2101 Nazareth
1570 2060 1626 2100 ad
1671 2059 1886 2114 virginem

1088 2117 1393 2171 desponsatam
1416 2118 1508 2158 viro
1529 2118 1598 2158 cui
1616 2130 1778 2158 nomen
1794 2123 1888 2158 erat

1092 2175 1259 2229 Ioseph.
1338 2175 1494 2216 Virum
1547 2175 1748 2216 nominat
1797 2188 1886 2216 non

1089 2234 1193 2288 quia
1219 2234 1402 2275 maritus
1428 2233 1500 2274 sed
1523 2233 1626 2287 quia
1647 2232 1782 2274 homo
1803 2233 1886 2274 vir-

1090 2292 1197 2333 tutis
1220 2297 1326 2341 erat,
1347 2291 1416 2332 vel
1446 2291 1593 2344 potius
1622 2291 1727 2344 quia
1758 2291 1885 2332 iuxta

1090 2349 1224 2390 alium
1248 2348 1564 2403 euangelistam
1594 2361 1683 2389 non
1705 2348 1770 2390 vir
1790 2348 1886 2389 fim-

1089 2407 1274 2461 pliciter,
1308 2407 1379 2448 sed
1414 2407 1478 2447 vir
1510 2407 1604 2447 eius
1636 2404 1781 2447 dictus
1814 2405 1885 2447 est.

1090 2465 1252 2506 Merito
1302 2465 1419 2505 enim
1467 2463 1718 2518 appellatur
1766 2464 1885 2517 quod

1089 2523 1322 2564 necessario
1355 2528 1546 2576 putatur.
1609 2521 1776 2563 Debuit
1809 2521 1886 2575 igi-

1087 2586 1158 2622 tur
1170 2581 1236 2622 vir
1249 2581 1343 2621 eius
1364 2579 1576 2634 appellari
1597 2580 1702 2632 quia
1717 2579 1885 2620 necesse

1088 2638 1170 2679 fuit
1191 2644 1235 2679 et
1257 2639 1414 2691 putari,
1435 2637 1540 2679 ficut
1569 2643 1613 2678 et
1642 2642 1768 2690 pater
1790 2636 1886 2679 Sal-

1089 2696 1254 2737 uatoris
1276 2709 1364 2736 non
1387 2695 1567 2749 quidem
1590 2694 1685 2743 esse,
1702 2694 1776 2735 sed
1797 2694 1884 2736 dici

1089 2753 1248 2795 meruit
1276 2759 1323 2794 vt
1351 2758 1580 2806 putaretur
1606 2752 1690 2793 esse
1711 2752 1886 2793 dicente

1087 2812 1171 2853 hoc
1213 2811 1304 2865 ipso
1348 2809 1629 2865 euangelista.
1693 2809 1754 2851 Et
1796 2809 1884 2863 ipse

1158 2916 1172 2939 ⁴
1197 2917 1256 2952 die
1280 2927 1328 2962 19.
1350 2918 1390 2951 in
1410 2928 1455 2951 m.

1156 2963 1171 2985 5
1197 2964 1387 2999 ciuitatem
1410 2975 1416 2998 :
1439 2965 1476 2999 P.
1492 2964 1534 2998 A.
