2066 3392
36 132 54 143 .=
14 104 46 115 22
3 0 53 93 ’ξήἣὲ

922 224 1049 265 xxvii

281 379 586 422 REGVLAE
619 380 1008 424 GENERALES
1041 381 1132 423 AD
1168 382 1703 427 INSTRVCTIONEM

732 455 972 498 OFFICII
1017 456 1244 499 DIVINI.

299 557 345 604 ΙΙ
381 552 597 605 Quomodo
627 554 817 597 dicendae
832 555 944 608 sunt
971 555 1096 606 lzoroe,
1127 563 1170 598 et
1199 556 1245 598 in
1275 570 1356 610 quo
1385 556 1578 611 consistat
1614 557 1757 599 diuer-

199 621 314 676 fitas
341 622 474 677 officz'j.

297 689 341 735 (I
363 691 486 733 Ante
509 691 660 732 omnia
683 691 905 733 sciendum
929 691 1002 741 est,
1021 693 1140 746 quod
1159 706 1315 733 omnes
1331 692 1452 733 horae
1475 691 1757 746 incipiuntur,

211 763 255 800 et
281 760 575 802 terminantur
601 774 680 815 per
700 766 846 802 totum
870 775 1050 811 annum,
1072 762 1455 816 quemadmodum
1478 762 1753 816 explicatum

210 829 271 871 est
311 830 354 870 in
390 829 666 883 praefatione,
703 836 747 871 et
788 831 832 870 in
866 830 1092 871 dominica
1129 831 1272 885 prima
1308 832 1541 872 aduentus.
1574 830 1644 872 sol.
1680 830 1755 884 76ι

213 898 327 940 Item
364 897 483 951 quod
521 898 578 939 ad
612 898 804 951 fingulas
840 898 972 940 horas
1013 896 1223 941 dicuntur
1257 900 1411 954 finguli
1452 899 1609 955 hymni
1650 907 1754 942 ante

210 965 408 1020 psalmos.
469 964 546 1006 Ad
585 965 740 1007 laudes
777 973 926 1007 autem
967 981 1057 1008 non
1092 968 1254 1009 dicitur
1289 968 1495 1022 hymnus,
1526 969 1631 1023 quia
1663 983 1751 1010 non

208 1034 316 1076 hora
345 1034 525 1085 diuersa,
550 1034 620 1076 sed
654 1049 755 1089 pars
788 1036 996 1077 matutini
1029 1043 1302 1091 reputantur.
1366 1037 1607 1079 Sciendum
1641 1051 1754 1091 prae·

207 1109 338 1154 terea,
359 1104 478 1158 quod
510 1103 666 1158 psalmi
698 1104 875 1158 fingulis
907 1105 1065 1146 diebus
1097 1106 1153 1147 ad
1186 1119 1342 1147 omnes
1372 1105 1505 1147 horas
1534 1106 1751 1147 dicuntur.

207 1180 254 1216 vt
285 1173 381 1216 sunt
411 1174 628 1216 distributi
662 1175 706 1216 in
738 1175 956 1229 psalterio,
990 1182 1035 1217 et
1067 1175 1264 1217 fimiliter
1294 1176 1449 1230 prima,
1486 1183 1530 1217 et
1562 1176 1752 1217 secunda

207 1240 349 1292 lectio,
371 1248 419 1284 vt
440 1242 656 1296 dispofitae
680 1242 779 1284 sunt
807 1243 850 1284 in
885 1244 1154 1294 dominicali,
1177 1244 1263 1285 siue
1286 1244 1441 1285 festum
1466 1245 1643 1294 incidat,
1665 1244 1751 1285 s1ue

206 1325 306 1354 non.
356 1311 698 1354 Aduertendum
719 1313 902 1367 insuper,
917 1315 1035 1368 quod
1060 1313 1216 1367 hymni
1238 1314 1438 1368 affignati
1461 1314 1504 1355 in
1527 1314 1752 1355 dominica

205 1383 347 1437 prima
382 1382 601 1424 aduentus
637 1383 694 1424 ad
737 1383 942 1424 Primam.
986 1384 1195 1425 Tertiam.
1239 1383 1439 1426 Sextam.
1483 1385 1675 1434 Nonam,
1706 1390 1750 1425 et

207 1450 570 1505 Completorium‚
603 1465 774 1492 necnon
809 1453 1043 1494 orationes.
1078 1452 1273 1493 Domine
1305 1453 1415 1493 deus
1452 1452 1747 1507 omnipotens,

204 1521 260 1562 ad
294 1522 494 1575 primam,
526 1528 571 1562 et
593 1520 729 1562 Vis1ta
760 1521 1021 1575 quaesumus.
1054 1523 1111 1563 ad
1144 1522 1485 1576 completorium
1518 1536 1744 1576 nunquam

205 1595 433 1630 mutantur
469 1590 512 1630 in
542 1596 639 1631 toto
672 1604 803 1640 anno,
832 1598 1129 1645 praeterquam
1163 1592 1206 1632 in
1239 1592 1388 1633 triduo
1429 1598 1533 1633 ante
1574 1591 1746 1646 pascha.

205 1657 362 1713 Itaque
392 1673 493 1700 cum
525 1658 740 1714 praedksta
771 1660 851 1702 slnt
883 1661 1172 1710 inuariabilia,
1203 1661 1431 1703 diuersitas
1463 1661 1593 1715 officij
1618 1661 1746 1702 vnius

202 1727 287 1769 diei
309 1729 365 1769 ad
387 1728 574 1770 alterum
598 1730 786 1772 confistit
809 1737 984 1772 tantum
1009 1731 1052 1772 in
1071 1732 1319 1772 mutatione
1337 1731 1594 1785 inuitatorij.
1617 1730 1745 1785 hym·

203 1811 358 1840 norum
392 1799 448 1840 ad
487 1800 756 1840 matutinum
790 1807 835 1841 et
870 1801 1109 1854 vesperam,
1147 1802 1289 1843 tertiae
1322 1799 1537 1851 lectionis,
1573 1807 1617 1842 et
1650 1815 1747 1842 ora-

203 1867 333 1908 tionis
380 1868 436 1909 ad
481 1868 673 1923 reliquas
715 1869 856 1911 horas.
927 1871 1042 1913 Cum
1086 1885 1191 1926 ergo
1234 1872 1434 1913 dicimus.
1502 1872 1653 1913 Hodie
1696 1871 1744 1914 fit

201 1934 390 1977 officium
407 1937 462 1978 de
479 1937 556 1978 tali
574 1937 694 1988 festo,
710 1938 892 1992 perinde
910 1939 971 1980 est
993 1954 1043 1981 ac
1066 1940 1092 1980 s1
1116 1941 1327 1989 dicamus,
1345 1941 1464 1994 quod
1483 1939 1579 1981 haec
1602 1946 1744 1981 muta-

201 2003 304 2046 bilia
325 2005 530 2047 dicuntur
550 2006 606 2048 de
628 2007 729 2061 ipso.

390 2144 434 2190 11ss
471 2141 590 2183 Vnde
609 2143 896 2197 z'nczpiendum
907 2145 972 2198 fit
990 2144 1176 2199 officium
1185 2144 1379 2198 fingulz's
1399 2144 1556 2187 diebus.

285 2241 328 2287 (I
363 2238 556 2293 Quando
589 2240 638 2282 fit
668 2241 861 2283 officium
894 2243 950 2283 de
981 2243 1219 2291 dominica,
1252 2241 1322 2283 seu
1355 2241 1476 2292 feria,
1516 2248 1594 2283 aut
1635 2242 1741 2284 festo

199 2306 376 2361 fimplici
400 2307 568 2362 semper
590 2309 798 2363 incipitur
819 2310 1013 2351 officium
1038 2309 1063 2351 a
1087 2311 1321 2351 matutino.
1373 2309 1568 2363 Quando
1590 2317 1739 2352 autem

199 2373 247 2416 fit
274 2375 329 2416 de
360 2375 467 2417 sesto
494 2377 674 2431 duplici,
697 2378 907 2432 incipitur
927 2377 953 2420 a
974 2378 1175 2432 vesperis.
1240 2378 1453 2431 Exempli
1474 2378 1628 2432 gratia.
1692 2380 1740 2422 Si

198 2443 380 2486 crastina
412 2446 485 2487 die
520 2453 722 2488 occurrat
757 2446 912 2488 festum
947 2447 1119 2501 duplex
1153 2447 1286 2488 hodie
1320 2447 1510 2501 vesperae
1547 2447 1631 2490 hoc
1667 2449 1739 2497 est,

198 2510 400 2566 hymnus,
421 2520 465 2555 et
492 2514 634 2555 oratio
663 2528 764 2556 cum
792 2515 972 2569 psalmis
998 2515 1257 2570 vespertinis
1286 2515 1512 2557 hodiernis
1536 2515 1740 2558 dicentur

198 2581 254 2622 de
286 2581 388 2635 ipso,
421 2589 465 2624 et
502 2583 618 2624 idem
650 2583 856 2637 hymnus,
888 2591 932 2626 et
961 2586 1103 2626 oratio
1135 2585 1342 2627 dicuntur
1373 2586 1415 2626 in
1447 2585 1636 2640 vesperis
1667 2587 1739 2628 die

197 2650 380 2693 crastina
408 2652 482 2693 nifi
512 2654 768 2695 immediate
795 2654 999 2709 sequatur
1026 2655 1146 2696 aliud
1180 2654 1335 2696 festum
1367 2654 1536 2708 duplex
1566 2656 1738 2709 aequale

197 2721 474 2774 praecedenti,
512 2730 588 2764 aut
625 2724 778 2765 maius.
856 2724 974 2765 Nam
1008 2731 1114 2765 tunc
1153 2723 1322 2777 semper
1362 2724 1481 2777 quod
1524 2725 1737 2778 praecedit

197 2787 378 2831 habebit
408 2796 582 2832 tantum
616 2792 782 2845 primas
803 2792 1004 2846 vesperas
1027 2793 1144 2846 quod
1169 2799 1318 2834 autem
1343 2792 1535 2846 sequitur
1555 2791 1737 2835 habebit

197 2857 358 2910 primas
383 2865 427 2901 et
454 2859 676 2902 secundas
739 2861 785 2903 Si
810 2875 912 2902 vero
941 2862 1164 2916 praecedat
1188 2860 1342 2902 festum
1366 2860 1537 2915 duplex
1559 2859 1732 2902 ²maius

194 2935 238 2971 et
269 2930 471 2986 sequatur
498 2933 757 2976 immediate
788 2934 985 2990 duplcx²
1017 2935 1162 2976 minus
1203 2941 1309 2976 tunc
1341 2949 1365 2976 e
1396 2934 1580 2985 diuerso,
1612 2936 1731 2989 quod

380 3032 391 3054 ¹
403 3033 463 3078 stc
479 3034 521 3069 V.
580 3035 666 3070 Vt'a'c
682 3037 786 3081 iustu
806 3047 836 3082 p.
862 3046 911 3079 19.
1127 3037 1179 3059 ²“²
1204 3038 1304 3071 mnit.
1328 3037 1365 3071 P.
