2066 3392
239 202 298 255 46
975 212 1075 246 PRE
1081 211 1181 245 GEs.

559 291 724 334 Oratio.

247 366 438 450 DEus,
488 365 563 420 qui
618 366 749 420 culpa
795 363 1043 414 offenderis,

362 424 626 478 poenitentia
647 422 833 478 placaris
859 439 867 465 ε
892 437 1044 477 preces

242 483 394 536 populi
422 482 486 523 tui
512 481 795 536 supplicantis
827 480 1044 535 propitius

241 540 402 595 respice
417 555 424 580 :
439 546 483 581 et
501 539 675 593 flagella
688 546 777 581 tuae
793 537 1044 588 iracundiae,

240 612 341 652 quae
374 611 454 651 pro
490 597 684 651 peccatis
719 596 875 638 nostris
906 610 1045 638 mere-

242 669 341 697 mur
363 670 371 696 ι
392 662 553 697 auerte.

561 761 725 803 Oratio.

244 835 593 921 OMnipotens
633 835 896 889 sempiterne
936 835 1046 876 deus

379 893 580 934 miserere
614 893 769 934 famuli
810 893 874 934 tui
916 906 1046 946 papae

242 951 373 993 nostri
402 966 410 992 ε
436 957 481 993 et
511 951 652 1005 dirige
680 964 781 992 eum
808 950 1045 992 secundum

240 1016 365 1051 tuam
387 1008 668 1050 clementiam
691 1009 734 1050 in
756 1009 874 1050 viam
898 1008 1046 1049 salutis

242 1073 420 1108 aeternae
443 1082 451 1108 z
477 1072 525 1108 vt
553 1073 598 1108 te
623 1066 819 1107 donante
844 1066 926 1107 tibi
954 1065 1047 1120 pla-

242 1126 329 1166 cita
351 1125 500 1179 cupiat
520 1139 528 1165 :
550 1130 595 1166 et
616 1130 713 1166 tota
733 1125 895 1166 virtute
916 1123 1047 1178 profi-

241 1184 340 1225 ciat.

563 1272 726 1315 Oratio.

250 1348 441 1432 DEus,
472 1347 498 1389 a
526 1361 615 1401 quo
637 1345 786 1389 san&a
807 1347 1046 1400 desyderia,

366 1403 483 1447 re&a
515 1405 703 1450 confilia,
736 1411 780 1446 et
809 1403 920 1446 iusta
950 1405 1047 1446 sunt

243 1477 378 1518 opera
396 1479 404 1504 :
425 1463 483 1504 da
504 1463 634 1504 seruis
656 1463 743 1504 tuis
763 1462 896 1512 illam,
911 1474 1045 1516 quam

245 1522 435 1563 mundus
456 1521 561 1562 dare
582 1534 670 1561 non
688 1526 847 1574 potest,
864 1533 1020 1574 pacem
1038 1535 1046 1561 :

244 1586 292 1621 vt
312 1585 357 1620 et
378 1580 512 1620 corda
540 1578 684 1619 nostra
710 1578 931 1619 mandatis
958 1578 1046 1619 tuis

245 1637 397 1678 dedita
426 1651 434 1677 :
463 1642 507 1677 et
537 1635 725 1677 hostium
760 1635 930 1677 sublata
961 1635 1046 1676 sor-

245 1695 423 1743 midine,
463 1700 665 1747 tempora
705 1692 786 1735 smt
830 1699 908 1735 tua
947 1706 1047 1747 pro-

243 1751 436 1794 tefi‘tione
457 1751 703 1805 tranquilla.

567 1858 729 1901 Oratio.

248 1936 407 2018 VRe
435 1935 536 1988 igne
561 1933 696 1975 saneti
726 1934 898 1989 spiritus
923 1947 1048 1975 renes

373 1993 552 2041 nostros,
579 1998 623 2033 et
650 2006 725 2033 cor
750 1992 943 2033 nostrum
969 1993 1048 2033 do-

248 2052 367 2092 mine
396 2066 404 2092 :
431 2057 480 2092 vt
504 2050 585 2091 tibi
610 2050 728 2091 casto
755 2064 938 2104 corpore
965 2050 1047 2091 ser-

247 2110 419 2150 uiamus
437 2123 445 2150 :
467 2114 510 2150 et
533 2109 701 2149 mundo
722 2108 854 2150 corde
876 2108 1048 2162 placea-

247 2181 355 2209 mus.

567 2255 729 2297 Oratio.

286 2331 515 2373 'Idelium
557 2331 667 2371 deus
706 2330 905 2370 omnium
947 2343 1050 2371 con—

361 2390 490 2439 ditor,
517 2394 560 2429 et
587 2388 851 2441 redemptor,
881 2388 1050 2428 anima-

250 2447 332 2488 bus
352 2446 354 2448 ’
372 2447 649 2494 famulorum,
695 2444 1049 2498 famularumque

249 2511 422 2545 tuarum
459 2504 746 2544 remissionem
790 2501 1049 2544 cunffitorum

249 2562 392 2603 t1ibue
413 2568 695 2615 peccatorum
720 2575 728 2601 :
750 2566 798 2601 vt
819 2560 1049 2614 indulgen-

248 2620 369 2668 tiam,
395 2632 528 2672 quam
555 2618 723 2671 semper
747 2624 1014 2671 optauerunt
1042 2633 1050 2659 :

248 2677 332 2730 pijs
361 2675 750 2730 supplicationibus
782 2675 1051 2729 consequan-

247 2742 329 2776 tur.

569 2818 730 2858 Oratio.

249 2892 491 2975 Aspthiones
514 2891 678 2932 nostras
701 2892 950 2945 quaesumus
971 2893 1049 2933 do-

362 2950 480 2990 mine
507 2949 738 3003 aspirando
766 2950 972 3003 praeueni,
1005 2956 1048 2991 et

249 3008 501 3050 adiuuando
523 3006 780 3061 prosequere
798 3023 806 3048 z
827 3014 874 3049 vt
891 3005 1048 3048 cunGta

1111 289 1256 330 nostra
1296 288 1450 338 oratio,
1483 292 1528 329 et
1567 286 1767 342 operatio
1807 285 1834 328 a
1873 291 1927 328 te

1111 347 1281 400 semper
1306 347 1487 400 incipiat
1509 360 1517 387 ε
1539 352 1584 388 et
1605 359 1684 400 per
1705 351 1749 387 te
1769 350 1919 399 coepta

1112 404 1299 448 finiatur.

1433 511 1600 554 Oratio.

1114 596 1463 682 OMnipotens
1499 595 1762 650 sempiterne
1795 595 1918 645 deus,

1243 655 1317 709 qui
1355 654 1558 696 viuorum
1591 654 1834 695 dominaris
1868 653 1918 694 fi-

1113 711 1214 762 mul,
1237 718 1282 754 et
1303 718 1579 753 mortuorum
1599 727 1608 753 z
1630 711 1919 766 omniumque

1114 770 1324 811 misereris
1342 786 1350 811 :
1367 783 1479 823 quos
1495 775 1597 811 tuos
1611 769 1709 819 fide,
1724 775 1769 810 et
1785 782 1919 823 opere

1113 827 1283 869 futuros
1314 827 1398 869 esse
1433 827 1667 881 praenoscis
1699 842 1708 868 :
1740 833 1786 869 te
1821 826 1918 880 sup-

1113 885 1249 939 plices
1280 898 1529 935 exoramus,
1563 891 1611 926 vt
1642 898 1723 938 pro
1755 885 1917 939 quibus

1114 943 1339 984 effundere
1385 956 1537 997 preces
1583 942 1861 984 decreuimus
1907 957 1917 984 ε

1114 1001 1309 1055 quosque
1325 1001 1394 1042 vel
1417 1000 1605 1054 praesens
1627 1000 1818 1042 seculum
1840 1000 1918 1042 ad-

1114 1059 1200 1100 huc
1217 1059 1261 1099 in
1276 1072 1407 1100 carne
1423 1059 1583 1100 retinet
1605 1073 1614 1099 z
1634 1058 1704 1099 vel
1722 1058 1916 1100 futurum

1114 1117 1202 1158 iam
1224 1123 1385 1158 exutos
1407 1130 1590 1170 corpore
1612 1116 1795 1171 suscepit
1817 1131 1826 1158 :
1852 1116 1917 1157 in-

1114 1175 1442 1216 tercedentibus
1497 1174 1703 1215 omnibus
1759 1172 1918 1216 sanclis

1115 1233 1202 1274 tuis
1230 1232 1409 1286 pietatis
1439 1238 1528 1274 tuae
1559 1231 1794 1274 clementia
1824 1245 1919 1273 om-

1114 1291 1236 1331 nium
1258 1289 1522 1332 deli&orum
1544 1289 1718 1331 suorum
1739 1290 1916 1332 veniam

1114 1348 1447 1402 consequantur.
1542 1348 1625 1389 Per
1684 1348 1917 1390 dominum

1114 1406 1307 1448 nostrum
1347 1406 1491 1447 Iesum
1530 1405 1737 1447 christum
1778 1405 1918 1447 filium

1112 1470 1239 1505 tuum
1262 1479 1270 1505 :
1293 1464 1367 1517 qui
1389 1469 1535 1505 tecum
1553 1464 1673 1512 Viuit,
1697 1469 1742 1505 et
1762 1469 1918 1518 regnat

1114 1522 1157 1562 in
1179 1522 1347 1563 vnitate
1369 1521 1542 1575 spiritus
1564 1519 1697 1562 saneti
1715 1522 1825 1563 deus
1842 1535 1920 1576 per

1114 1579 1265 1621 omnia
1286 1579 1427 1620 secula
1454 1579 1705 1621 seculorum.
1756 1580 1811 1621 R.
1853 1580 1920 1620 A-

1115 1650 1229 1678 men.
1291 1636 1336 1679 V.
1381 1637 1702 1678 Benedicamus
1723 1637 1916 1679 domino.

1115 1695 1170 1736 R.
1215 1695 1315 1736 Deo
1347 1695 1523 1748 gratias.
1601 1694 1647 1736 V.
1697 1695 1916 1737 Fidelium

1115 1753 1274 1793 animae
1296 1766 1374 1806 per
1399 1752 1737 1794 misericordiam
1761 1753 1831 1794 dei
1853 1767 1918 1795 re-

1115 1810 1340 1865 quiescant
1361 1811 1404 1851 in
1428 1824 1548 1864 pace.
1607 1810 1663 1852 R.
1705 1810 1870 1854 Amen.

1193 1938 1238 1984 (1
1260 1934 1343 1976 Ad
1360 1933 1560 1989 vesperas.
1620 1934 1840 1988 Hymnus.

1117 2028 1289 2111 AVres
1303 2027 1362 2068 ad
1381 2027 1548 2069 nostras
1564 2027 1744 2069 deitatis
1765 2041 1919 2081 preces

1231 2086 1356 2127 Deus
1387 2085 1550 2126 inclina
1586 2085 1754 2139 pietate
1785 2085 1874 2127 sola
1912 2101 1921 2127 ε

1117 2143 1380 2197 Supplicum
1435 2149 1541 2184 vota
1597 2142 1762 2198 suscipe
1818 2157 1918 2198 pre-

1115 2214 1268 2242 camur
1290 2200 1463 2242 Famuli
1480 2200 1560 2242 tui.

1180 2258 1363 2313 Respice
1384 2258 1578 2300 clemens
1594 2257 1700 2300 solio
1719 2258 1778 2300 de
1799 2258 1920 2301 sanc-

1117 2323 1176 2367 to,
1184 2317 1325 2359 Vultu
1335 2316 1484 2358 sereno
1495 2316 1922 2371 lampadesillustra:

1121 2375 1310 2416 Lumine
1359 2381 1438 2416 tuo
1487 2375 1694 2416 tenebras
1744 2374 1920 2430 depelle

1121 2432 1291 2474 Pectori
1314 2432 1468 2473 nostr0.

1178 2490 1376 2532 Crimina
1403 2490 1509 2531 laxa
1539 2490 1707 2544 pietate
1738 2489 1879 2532 multa
1903 2506 1920 2533 τ

1120 2548 1269 2589 Ablue
1291 2547 1448 2597 sordes,
1465 2547 1641 2588 vincula
1661 2547 1884 2602 disrumpe
1909 2564 1918 2590 :

1122 2607 1256 2647 Parce
1297 2605 1503 2660 peccatis,
1538 2604 1685 2646 releua
1725 2605 1919 2648 iacentes

1121 2664 1322 2704 Dextera
1343 2669 1434 2704 tua.

1177 2721 1245 2762 Te
1275 2721 1362 2761 fine
1393 2725 1509 2762 tetro
1539 2720 1780 2774 mergimur
1819 2734 1919 2775 pro-

1119 2778 1258 2820 fundo
1301 2792 1311 2820 :
1354 2777 1569 2819 Labimur
1615 2778 1707 2819 alta
1747 2778 1918 2820 sceleris

1119 2836 1196 2877 sub
1217 2836 1336 2877 vnda
1353 2851 1362 2876 ε
1381 2835 1567 2876 Brachio
1589 2841 1667 2876 tuo
1687 2835 1919 2878 trahamur

1118 2894 1172 2934 ad
1197 2893 1314 2934 clara
1337 2893 1508 2946 Sydera
1530 2892 1643 2934 coeli.
1730 2888 1734 2892 ’

1177 2951 1344 2993 Christe
1385 2950 1463 2991 lux
1497 2965 1611 3000 vera,
1646 2950 1836 3001 bonitas,
1873 2958 1919 2994 et

1118 3009 1220 3059 vita,
1271 3008 1495 3050 Gaudium
1556 3009 1724 3060 mundi,
1776 3010 1918 3064 pietas
