<?xml version="1.0" encoding="UTF-8"?>
<!DOCTYPE html PUBLIC "-//W3C//DTD XHTML 1.0 Transitional//EN"
    "http://www.w3.org/TR/xhtml1/DTD/xhtml1-transitional.dtd">
<html xmlns="http://www.w3.org/1999/xhtml" xml:lang="en" lang="en">
 <head>
  <title>
</title>
<meta http-equiv="Content-Type" content="text/html;charset=utf-8" />
  <meta name='ocr-system' content='tesseract 3.04.00' />
  <meta name='ocr-capabilities' content='ocr_page ocr_carea ocr_par ocr_line ocrx_word'/>
</head>
<body>
  <div class='ocr_page' id='page_1' title='image "./breviariumromanu00quiuoft/breviariumromanu00quiuoft_0197.png"; bbox 0 0 2066 3392; ppageno 0'>
   <div class='ocr_carea' id='block_1_1' title="bbox 0 2016 11 2059">
    <p class='ocr_par' dir='ltr' id='par_1_1' title="bbox 0 2016 11 2059">
     <span class='ocr_line' id='line_1_1' title="bbox 0 2016 11 2059; baseline 0 -9"><span class='ocrx_word' id='word_1_1' title='bbox 0 2016 11 2059; x_wconf 64' lang='grc' dir='ltr'>ς</span> 
     </span>
    </p>
   </div>
   <div class='ocr_carea' id='block_1_2' title="bbox 0 0 68 1692">
    <p class='ocr_par' dir='ltr' id='par_1_2' title="bbox 0 0 68 1692">
     <span class='ocr_line' id='line_1_2' title="bbox 0 0 68 1692; baseline 0 0"><span class='ocrx_word' id='word_1_2' title='bbox 0 0 68 1692; x_wconf 95' lang='lat' dir='ltr'> </span> 
     </span>
    </p>
   </div>
   <div class='ocr_carea' id='block_1_3' title="bbox 919 178 1847 222">
    <p class='ocr_par' dir='ltr' id='par_1_3' title="bbox 919 178 1847 222">
     <span class='ocr_line' id='line_1_3' title="bbox 919 178 1847 222; baseline 0.001 -1"><span class='ocrx_word' id='word_1_3' title='bbox 919 187 1108 221; x_wconf 72' lang='lat' dir='ltr'><em>JUNJUS.</em></span> <span class='ocrx_word' id='word_1_4' title='bbox 1765 182 1783 212; x_wconf 70' lang='lat'>‘1</span> <span class='ocrx_word' id='word_1_5' title='bbox 1794 180 1815 222; x_wconf 85' lang='lat'>3</span> <span class='ocrx_word' id='word_1_6' title='bbox 1822 178 1847 222; x_wconf 96' lang='lat'><em>7</em></span> 
     </span>
    </p>
   </div>
   <div class='ocr_carea' id='block_1_4' title="bbox 169 264 973 551">
    <p class='ocr_par' dir='ltr' id='par_1_4' title="bbox 169 264 973 551">
     <span class='ocr_line' id='line_1_4' title="bbox 170 264 971 320; baseline -0.002 -12"><span class='ocrx_word' id='word_1_7' title='bbox 170 265 444 320; x_wconf 84' lang='lat' dir='ltr'><strong>sepulchrum</strong></span> <span class='ocrx_word' id='word_1_8' title='bbox 471 264 682 307; x_wconf 89' lang='lat' dir='ltr'>liberatus</span> <span class='ocrx_word' id='word_1_9' title='bbox 711 264 772 306; x_wconf 89' lang='lat' dir='ltr'>est</span> <span class='ocrx_word' id='word_1_10' title='bbox 797 281 805 306; x_wconf 93' lang='lat'><strong>:</strong></span> <span class='ocrx_word' id='word_1_11' title='bbox 829 278 971 318; x_wconf 91' lang='lat' dir='ltr'>eoque</span> 
     </span>
     <span class='ocr_line' id='line_1_5' title="bbox 171 322 970 377; baseline -0.003 -12"><span class='ocrx_word' id='word_1_12' title='bbox 171 323 383 366; x_wconf 90' lang='lat' dir='ltr'>miraculo</span> <span class='ocrx_word' id='word_1_13' title='bbox 405 324 522 365; x_wconf 91' lang='lat' dir='ltr'>idem</span> <span class='ocrx_word' id='word_1_14' title='bbox 544 329 589 364; x_wconf 92' lang='lat' dir='ltr'>et</span> <span class='ocrx_word' id='word_1_15' title='bbox 610 330 736 377; x_wconf 90' lang='lat' dir='ltr'>pater</span> <span class='ocrx_word' id='word_1_16' title='bbox 757 323 812 364; x_wconf 88' lang='lat' dir='ltr'>ad</span> <span class='ocrx_word' id='word_1_17' title='bbox 836 322 970 364; x_wconf 89' lang='lat' dir='ltr'>fidem</span> 
     </span>
     <span class='ocr_line' id='line_1_6' title="bbox 171 380 972 424; baseline -0.004 0"><span class='ocrx_word' id='word_1_18' title='bbox 171 381 328 424; x_wconf 87' lang='lat' dir='ltr'>Christi</span> <span class='ocrx_word' id='word_1_19' title='bbox 349 380 542 423; x_wconf 82' lang='lat' dir='ltr'>conuersi</span> <span class='ocrx_word' id='word_1_20' title='bbox 565 381 673 423; x_wconf 91' lang='lat' dir='ltr'>sunt.</span> <span class='ocrx_word' id='word_1_21' title='bbox 720 387 764 422; x_wconf 95' lang='lat' dir='ltr'>et</span> <span class='ocrx_word' id='word_1_22' title='bbox 787 394 854 422; x_wconf 88' lang='lat' dir='ltr'>res</span> <span class='ocrx_word' id='word_1_23' title='bbox 876 386 972 422; x_wconf 89' lang='lat' dir='ltr'>tota</span> 
     </span>
     <span class='ocr_line' id='line_1_7' title="bbox 169 437 973 494; baseline -0.002 -13"><span class='ocrx_word' id='word_1_24' title='bbox 169 437 404 494; x_wconf 60' lang='lat' dir='ltr'>patefaffita.</span> <span class='ocrx_word' id='word_1_25' title='bbox 452 439 558 480; x_wconf 79' lang='lat' dir='ltr'>Pam</span> <span class='ocrx_word' id='word_1_26' title='bbox 582 439 679 480; x_wconf 88' lang='lat' dir='ltr'>sunt</span> <span class='ocrx_word' id='word_1_27' title='bbox 708 445 858 480; x_wconf 89' lang='lat' dir='ltr'>autem</span> <span class='ocrx_word' id='word_1_28' title='bbox 882 439 973 479; x_wconf 93' lang='lat' dir='ltr'>Ro-</span> 
     </span>
     <span class='ocr_line' id='line_1_8' title="bbox 170 496 769 551; baseline 0.002 -13"><span class='ocrx_word' id='word_1_29' title='bbox 170 510 255 539; x_wconf 85' lang='lat' dir='ltr'>mae</span> <span class='ocrx_word' id='word_1_30' title='bbox 277 497 403 539; x_wconf 92' lang='lat' dir='ltr'>sexto</span> <span class='ocrx_word' id='word_1_31' title='bbox 425 497 631 539; x_wconf 88' lang='lat' dir='ltr'>calendas</span> <span class='ocrx_word' id='word_1_32' title='bbox 655 496 769 551; x_wconf 88' lang='lat' dir='ltr'>Iulij.</span> 
     </span>
    </p>
   </div>
   <div class='ocr_carea' id='block_1_5' title="bbox 491 598 656 641">
    <p class='ocr_par' dir='ltr' id='par_1_5' title="bbox 491 598 656 641">
     <span class='ocr_line' id='line_1_9' title="bbox 491 598 656 641; baseline 0 -1"><span class='ocrx_word' id='word_1_33' title='bbox 491 598 656 641; x_wconf 82' lang='lat' dir='ltr'><em>Oratio.</em></span> 
     </span>
    </p>
   </div>
   <div class='ocr_carea' id='block_1_6' title="bbox 168 666 974 1069">
    <p class='ocr_par' dir='ltr' id='par_1_6' title="bbox 168 666 974 1069">
     <span class='ocr_line' id='line_1_10' title="bbox 173 666 973 754; baseline -0.001 -46"><span class='ocrx_word' id='word_1_34' title='bbox 173 666 498 754; x_wconf 84' lang='lat' dir='ltr'>OVaesumus</span> <span class='ocrx_word' id='word_1_35' title='bbox 519 668 805 721; x_wconf 89' lang='lat' dir='ltr'>omnipotens</span> <span class='ocrx_word' id='word_1_36' title='bbox 831 666 940 708; x_wconf 90' lang='lat' dir='ltr'>deus</span> <span class='ocrx_word' id='word_1_37' title='bbox 964 682 973 707; x_wconf 70' lang='grc' dir='ltr'>ι</span> 
     </span>
     <span class='ocr_line' id='line_1_11' title="bbox 186 722 972 779; baseline -0.003 -12"><span class='ocrx_word' id='word_1_38' title='bbox 186 743 255 767; x_wconf 51' lang='grc' dir='ltr'>Α.)</span> <span class='ocrx_word' id='word_1_39' title='bbox 295 730 344 766; x_wconf 91' lang='lat' dir='ltr'>vt</span> <span class='ocrx_word' id='word_1_40' title='bbox 395 738 476 766; x_wconf 89' lang='lat' dir='ltr'>nos</span> <span class='ocrx_word' id='word_1_41' title='bbox 527 726 754 779; x_wconf 88' lang='lat' dir='ltr'>geminata</span> <span class='ocrx_word' id='word_1_42' title='bbox 800 722 972 766; x_wconf 84' lang='lat' dir='ltr'>laetitia¹</span> 
     </span>
     <span class='ocr_line' id='line_1_12' title="bbox 170 782 971 837; baseline -0.001 -13"><span class='ocrx_word' id='word_1_43' title='bbox 170 782 396 824; x_wconf 85' lang='lat' dir='ltr'>hodiernae</span> <span class='ocrx_word' id='word_1_44' title='bbox 457 782 703 824; x_wconf 87' lang='lat' dir='ltr'>festiuitatis</span> <span class='ocrx_word' id='word_1_45' title='bbox 763 783 971 837; x_wconf 90' lang='lat' dir='ltr'>excipiat,</span> 
     </span>
     <span class='ocr_line' id='line_1_13' title="bbox 168 840 974 894; baseline 0 -12"><span class='ocrx_word' id='word_1_46' title='bbox 168 854 269 894; x_wconf 87' lang='lat' dir='ltr'>quae</span> <span class='ocrx_word' id='word_1_47' title='bbox 319 841 376 883; x_wconf 93' lang='lat' dir='ltr'>de</span> <span class='ocrx_word' id='word_1_48' title='bbox 425 840 658 882; x_wconf 83' lang='lat' dir='ltr'>beatorum</span> <span class='ocrx_word' id='word_1_49' title='bbox 706 841 886 882; x_wconf 89' lang='lat' dir='ltr'>Ioannis</span> <span class='ocrx_word' id='word_1_50' title='bbox 928 847 974 882; x_wconf 94' lang='lat' dir='ltr'>et</span> 
     </span>
     <span class='ocr_line' id='line_1_14' title="bbox 172 897 974 953; baseline 0.001 -14"><span class='ocrx_word' id='word_1_51' title='bbox 172 898 296 940; x_wconf 92' lang='lat' dir='ltr'>Pauli</span> <span class='ocrx_word' id='word_1_52' title='bbox 345 897 668 952; x_wconf 88' lang='lat' dir='ltr'>glorificatione</span> <span class='ocrx_word' id='word_1_53' title='bbox 717 899 917 953; x_wconf 90' lang='lat' dir='ltr'>procedit</span> <span class='ocrx_word' id='word_1_54' title='bbox 966 914 974 939; x_wconf 94' lang='lat'><strong>:</strong></span> 
     </span>
     <span class='ocr_line' id='line_1_15' title="bbox 171 956 974 1011; baseline 0.001 -14"><span class='ocrx_word' id='word_1_55' title='bbox 171 969 284 1010; x_wconf 90' lang='lat' dir='ltr'>quos</span> <span class='ocrx_word' id='word_1_56' title='bbox 314 957 468 998; x_wconf 90' lang='lat' dir='ltr'>eadem</span> <span class='ocrx_word' id='word_1_57' title='bbox 501 956 610 998; x_wconf 88' lang='lat' dir='ltr'>fides</span> <span class='ocrx_word' id='word_1_58' title='bbox 633 963 677 998; x_wconf 93' lang='lat' dir='ltr'>et</span> <span class='ocrx_word' id='word_1_59' title='bbox 708 957 842 1011; x_wconf 84' lang='lat' dir='ltr'>passio</span> <span class='ocrx_word' id='word_1_60' title='bbox 873 970 974 998; x_wconf 91' lang='lat' dir='ltr'>vere</span> 
     </span>
     <span class='ocr_line' id='line_1_16' title="bbox 173 1014 785 1069; baseline 0.002 -14"><span class='ocrx_word' id='word_1_61' title='bbox 173 1014 276 1056; x_wconf 92' lang='lat' dir='ltr'>secit</span> <span class='ocrx_word' id='word_1_62' title='bbox 298 1014 383 1056; x_wconf 92' lang='lat' dir='ltr'>esse</span> <span class='ocrx_word' id='word_1_63' title='bbox 403 1028 640 1069; x_wconf 88' lang='lat' dir='ltr'>germanos</span> <span class='ocrx_word' id='word_1_64' title='bbox 666 1028 675 1056; x_wconf 89' lang='lat'>:</span> <span class='ocrx_word' id='word_1_65' title='bbox 697 1028 785 1069; x_wconf 89' lang='lat' dir='ltr'>per.</span> 
     </span>
    </p>
   </div>
   <div class='ocr_carea' id='block_1_7' title="bbox 170 1115 975 2050">
    <p class='ocr_par' dir='ltr' id='par_1_7' title="bbox 195 1115 946 1216">
     <span class='ocr_line' id='line_1_17' title="bbox 195 1115 946 1170; baseline 0.003 -14"><span class='ocrx_word' id='word_1_66' title='bbox 195 1118 240 1164; x_wconf 75' lang='lat' dir='ltr'>(I</span> <span class='ocrx_word' id='word_1_67' title='bbox 273 1115 360 1157; x_wconf 83' lang='lat' dir='ltr'>Leo</span> <span class='ocrx_word' id='word_1_68' title='bbox 379 1123 498 1170; x_wconf 83' lang='lat' dir='ltr'>papa</span> <span class='ocrx_word' id='word_1_69' title='bbox 527 1116 739 1170; x_wconf 78' lang='lat' dir='ltr'>conseſjbr.</span> <span class='ocrx_word' id='word_1_70' title='bbox 799 1115 946 1158; x_wconf 60' lang='lat' dir='ltr'>Lemo</span> 
     </span>
     <span class='ocr_line' id='line_1_18' title="bbox 496 1175 655 1216; baseline 0 0"><span class='ocrx_word' id='word_1_71' title='bbox 496 1175 655 1216; x_wconf 73' lang='lat' dir='ltr'>tertz&#39;a2.</span> 
     </span>
    </p>

    <p class='ocr_par' dir='ltr' id='par_1_8' title="bbox 180 1242 975 1327">
     <span class='ocr_line' id='line_1_19' title="bbox 180 1242 975 1327; baseline 0 -43"><span class='ocrx_word' id='word_1_72' title='bbox 180 1242 295 1327; x_wconf 63' lang='lat' dir='ltr'>Eo</span> <span class='ocrx_word' id='word_1_73' title='bbox 324 1243 538 1285; x_wconf 90' lang='lat' dir='ltr'>secundus</span> <span class='ocrx_word' id='word_1_74' title='bbox 569 1257 687 1298; x_wconf 89' lang='lat' dir='ltr'>papa</span> <span class='ocrx_word' id='word_1_75' title='bbox 718 1244 898 1285; x_wconf 89' lang='lat' dir='ltr'>natione</span> <span class='ocrx_word' id='word_1_76' title='bbox 927 1243 975 1284; x_wconf 87' lang='lat' dir='ltr'>sl-</span> 
     </span>
    </p>

    <p class='ocr_par' dir='ltr' id='par_1_9' title="bbox 170 1301 975 2050">
     <span class='ocr_line' id='line_1_20' title="bbox 290 1301 974 1357; baseline 0 -15"><span class='ocrx_word' id='word_1_77' title='bbox 290 1301 413 1357; x_wconf 88' lang='lat' dir='ltr'>culus</span> <span class='ocrx_word' id='word_1_78' title='bbox 455 1302 521 1342; x_wconf 89' lang='lat' dir='ltr'>vir</span> <span class='ocrx_word' id='word_1_79' title='bbox 559 1315 702 1356; x_wconf 85' lang='lat' dir='ltr'>graece</span> <span class='ocrx_word' id='word_1_80' title='bbox 753 1308 797 1343; x_wconf 90' lang='lat' dir='ltr'>et</span> <span class='ocrx_word' id='word_1_81' title='bbox 838 1301 974 1342; x_wconf 89' lang='lat' dir='ltr'>latine</span> 
     </span>
     <span class='ocr_line' id='line_1_21' title="bbox 170 1357 973 1414; baseline 0 -14"><span class='ocrx_word' id='word_1_82' title='bbox 170 1357 437 1401; x_wconf 56' lang='lat' dir='ltr'>dodtiffimus</span> <span class='ocrx_word' id='word_1_83' title='bbox 486 1375 495 1400; x_wconf 79' lang='lat' dir='ltr'><em>z</em></span> <span class='ocrx_word' id='word_1_84' title='bbox 546 1359 750 1414; x_wconf 86' lang='lat' dir='ltr'>pontifex</span> <span class='ocrx_word' id='word_1_85' title='bbox 801 1366 973 1401; x_wconf 90' lang='lat' dir='ltr'>creatus</span> 
     </span>
     <span class='ocr_line' id='line_1_22' title="bbox 171 1417 973 1466; baseline 0 -8"><span class='ocrx_word' id='word_1_86' title='bbox 171 1417 368 1466; x_wconf 88' lang='lat' dir='ltr'>instituit,</span> <span class='ocrx_word' id='word_1_87' title='bbox 387 1423 435 1458; x_wconf 93' lang='lat' dir='ltr'>vt</span> <span class='ocrx_word' id='word_1_88' title='bbox 457 1417 498 1458; x_wconf 93' lang='lat' dir='ltr'>in</span> <span class='ocrx_word' id='word_1_89' title='bbox 523 1417 657 1459; x_wconf 84' lang='lat' dir='ltr'>missae</span> <span class='ocrx_word' id='word_1_90' title='bbox 679 1417 973 1459; x_wconf 82' lang='lat' dir='ltr'>celebratione</span> 
     </span>
     <span class='ocr_line' id='line_1_23' title="bbox 170 1474 973 1530; baseline 0 -14"><span class='ocrx_word' id='word_1_91' title='bbox 170 1489 263 1530; x_wconf 90' lang='lat' dir='ltr'>pax</span> <span class='ocrx_word' id='word_1_92' title='bbox 305 1474 472 1529; x_wconf 91' lang='lat' dir='ltr'>populo</span> <span class='ocrx_word' id='word_1_93' title='bbox 513 1475 701 1517; x_wconf 91' lang='lat' dir='ltr'>daretur.</span> <span class='ocrx_word' id='word_1_94' title='bbox 765 1475 892 1524; x_wconf 90' lang='lat' dir='ltr'>Item,</span> <span class='ocrx_word' id='word_1_95' title='bbox 924 1481 973 1517; x_wconf 90' lang='lat' dir='ltr'>vt</span> 
     </span>
     <span class='ocr_line' id='line_1_24' title="bbox 171 1533 972 1588; baseline -0.001 -14"><span class='ocrx_word' id='word_1_96' title='bbox 171 1534 246 1588; x_wconf 92' lang='lat' dir='ltr'>qui</span> <span class='ocrx_word' id='word_1_97' title='bbox 307 1534 363 1574; x_wconf 91' lang='lat' dir='ltr'>ad</span> <span class='ocrx_word' id='word_1_98' title='bbox 425 1533 848 1588; x_wconf 88' lang='lat' dir='ltr'>archiepiscopatum</span> <span class='ocrx_word' id='word_1_99' title='bbox 909 1533 972 1574; x_wconf 92' lang='lat' dir='ltr'>as-</span> 
     </span>
     <span class='ocr_line' id='line_1_25' title="bbox 172 1591 974 1646; baseline 0 -14"><span class='ocrx_word' id='word_1_100' title='bbox 172 1591 369 1646; x_wconf 89' lang='lat' dir='ltr'>sumptus</span> <span class='ocrx_word' id='word_1_101' title='bbox 390 1591 506 1638; x_wconf 83' lang='lat' dir='ltr'>esset,</span> <span class='ocrx_word' id='word_1_102' title='bbox 525 1605 605 1645; x_wconf 91' lang='lat' dir='ltr'>pro</span> <span class='ocrx_word' id='word_1_103' title='bbox 626 1591 699 1632; x_wconf 88' lang='lat' dir='ltr'>vsu</span> <span class='ocrx_word' id='word_1_104' title='bbox 720 1591 840 1645; x_wconf 88' lang='lat' dir='ltr'>pallij</span> <span class='ocrx_word' id='word_1_105' title='bbox 861 1591 974 1645; x_wconf 90' lang='lat' dir='ltr'>alijs-</span> 
     </span>
     <span class='ocr_line' id='line_1_26' title="bbox 170 1649 974 1704; baseline 0 -14"><span class='ocrx_word' id='word_1_106' title='bbox 170 1662 257 1704; x_wconf 91' lang='lat' dir='ltr'>que</span> <span class='ocrx_word' id='word_1_107' title='bbox 286 1649 426 1699; x_wconf 88' lang='lat' dir='ltr'>rebus,</span> <span class='ocrx_word' id='word_1_108' title='bbox 454 1649 559 1690; x_wconf 86' lang='lat' dir='ltr'>nihil</span> <span class='ocrx_word' id='word_1_109' title='bbox 592 1649 781 1690; x_wconf 75' lang='lat' dir='ltr'>ecclesiae</span> <span class='ocrx_word' id='word_1_110' title='bbox 809 1649 974 1691; x_wconf 92' lang='lat' dir='ltr'>tribue-</span> 
     </span>
     <span class='ocr_line' id='line_1_27' title="bbox 171 1707 973 1761; baseline 0 -13"><span class='ocrx_word' id='word_1_111' title='bbox 171 1713 236 1748; x_wconf 88' lang='lat' dir='ltr'>ret</span> <span class='ocrx_word' id='word_1_112' title='bbox 259 1723 268 1749; x_wconf 87' lang='lat'>:</span> <span class='ocrx_word' id='word_1_113' title='bbox 289 1720 389 1748; x_wconf 90' lang='lat' dir='ltr'>cum</span> <span class='ocrx_word' id='word_1_114' title='bbox 419 1721 477 1748; x_wconf 90' lang='lat' dir='ltr'>ex</span> <span class='ocrx_word' id='word_1_115' title='bbox 503 1721 556 1748; x_wconf 93' lang='lat' dir='ltr'>ea</span> <span class='ocrx_word' id='word_1_116' title='bbox 578 1707 811 1761; x_wconf 86' lang='lat' dir='ltr'>largitione</span> <span class='ocrx_word' id='word_1_117' title='bbox 834 1707 973 1749; x_wconf 90' lang='lat' dir='ltr'>multa</span> 
     </span>
     <span class='ocr_line' id='line_1_28' title="bbox 172 1764 973 1820; baseline 0 -14"><span class='ocrx_word' id='word_1_118' title='bbox 172 1764 292 1807; x_wconf 89' lang='lat' dir='ltr'>mala</span> <span class='ocrx_word' id='word_1_119' title='bbox 333 1771 591 1806; x_wconf 85' lang='lat' dir='ltr'>notarentur</span> <span class='ocrx_word' id='word_1_120' title='bbox 624 1765 820 1806; x_wconf 87' lang='lat' dir='ltr'>existere.</span> <span class='ocrx_word' id='word_1_121' title='bbox 883 1766 973 1820; x_wconf 79' lang='lat' dir='ltr'>Qui</span> 
     </span>
     <span class='ocr_line' id='line_1_29' title="bbox 172 1823 975 1877; baseline 0 -13"><span class='ocrx_word' id='word_1_122' title='bbox 172 1836 273 1864; x_wconf 92' lang='lat' dir='ltr'>cum</span> <span class='ocrx_word' id='word_1_123' title='bbox 303 1837 382 1877; x_wconf 93' lang='lat' dir='ltr'>per</span> <span class='ocrx_word' id='word_1_124' title='bbox 409 1823 669 1877; x_wconf 75' lang='lat' dir='ltr'>singularem</span> <span class='ocrx_word' id='word_1_125' title='bbox 702 1823 975 1877; x_wconf 87' lang='lat' dir='ltr'>religionem,</span> 
     </span>
     <span class='ocr_line' id='line_1_30' title="bbox 172 1881 974 1935; baseline 0 -13"><span class='ocrx_word' id='word_1_126' title='bbox 172 1881 328 1922; x_wconf 87' lang='lat' dir='ltr'>miram</span> <span class='ocrx_word' id='word_1_127' title='bbox 361 1882 586 1934; x_wconf 83' lang='lat' dir='ltr'>pietatem,</span> <span class='ocrx_word' id='word_1_128' title='bbox 617 1888 751 1935; x_wconf 90' lang='lat' dir='ltr'>atque</span> <span class='ocrx_word' id='word_1_129' title='bbox 782 1882 974 1923; x_wconf 89' lang='lat' dir='ltr'>clemen-</span> 
     </span>
     <span class='ocr_line' id='line_1_31' title="bbox 172 1938 974 1992; baseline 0 -12"><span class='ocrx_word' id='word_1_130' title='bbox 172 1938 281 1980; x_wconf 89' lang='lat' dir='ltr'>tiam</span> <span class='ocrx_word' id='word_1_131' title='bbox 327 1938 526 1992; x_wconf 82' lang='lat' dir='ltr'>plurimis</span> <span class='ocrx_word' id='word_1_132' title='bbox 566 1938 769 1981; x_wconf 65' lang='lat' dir='ltr'>doEtrina</span> <span class='ocrx_word' id='word_1_133' title='bbox 809 1946 854 1980; x_wconf 93' lang='lat' dir='ltr'>et</span> <span class='ocrx_word' id='word_1_134' title='bbox 895 1953 974 1980; x_wconf 94' lang='lat' dir='ltr'>ex-</span> 
     </span>
     <span class='ocr_line' id='line_1_32' title="bbox 173 1995 973 2050; baseline 0.001 -13"><span class='ocrx_word' id='word_1_135' title='bbox 173 1995 322 2050; x_wconf 92' lang='lat' dir='ltr'>emplo</span> <span class='ocrx_word' id='word_1_136' title='bbox 350 1997 407 2038; x_wconf 89' lang='lat' dir='ltr'>ad</span> <span class='ocrx_word' id='word_1_137' title='bbox 439 1996 645 2038; x_wconf 88' lang='lat' dir='ltr'>iustitiam</span> <span class='ocrx_word' id='word_1_138' title='bbox 677 2010 730 2038; x_wconf 91' lang='lat' dir='ltr'>ac</span> <span class='ocrx_word' id='word_1_139' title='bbox 761 1997 973 2050; x_wconf 90' lang='lat' dir='ltr'>pietatem</span> 
     </span>
    </p>
   </div>
   <div class='ocr_carea' id='block_1_8' title="bbox 111 2053 975 2108">
    <p class='ocr_par' dir='ltr' id='par_1_10' title="bbox 111 2053 975 2108">
     <span class='ocr_line' id='line_1_33' title="bbox 111 2053 975 2108; baseline 0.001 -13"><span class='ocrx_word' id='word_1_140' title='bbox 111 2093 120 2100; x_wconf 78' lang='grc'>,</span> <span class='ocrx_word' id='word_1_141' title='bbox 172 2053 396 2108; x_wconf 89' lang='lat' dir='ltr'>profuisset</span> <span class='ocrx_word' id='word_1_142' title='bbox 421 2068 430 2095; x_wconf 88' lang='lat'>:</span> <span class='ocrx_word' id='word_1_143' title='bbox 452 2054 736 2108; x_wconf 86' lang='lat' dir='ltr'>pontificatus</span> <span class='ocrx_word' id='word_1_144' title='bbox 750 2054 810 2096; x_wconf 90' lang='lat' dir='ltr'>sui</span> <span class='ocrx_word' id='word_1_145' title='bbox 828 2055 975 2096; x_wconf 90' lang='lat' dir='ltr'>mense</span> 
     </span>
    </p>
   </div>
   <div class='ocr_carea' id='block_1_9' title="bbox 172 2111 976 2397">
    <p class='ocr_par' dir='ltr' id='par_1_11' title="bbox 172 2111 975 2166">
     <span class='ocr_line' id='line_1_34' title="bbox 172 2111 975 2166; baseline 0 -13"><span class='ocrx_word' id='word_1_146' title='bbox 172 2112 347 2153; x_wconf 90' lang='lat' dir='ltr'>decimo</span> <span class='ocrx_word' id='word_1_147' title='bbox 369 2113 561 2161; x_wconf 90' lang='lat' dir='ltr'>moritur,</span> <span class='ocrx_word' id='word_1_148' title='bbox 579 2111 870 2166; x_wconf 88' lang='lat' dir='ltr'>sepeliturque</span> <span class='ocrx_word' id='word_1_149' title='bbox 887 2112 975 2154; x_wconf 93' lang='lat' dir='ltr'>col-</span> 
     </span>
    </p>

    <p class='ocr_par' dir='ltr' id='par_1_12' title="bbox 174 2169 974 2223">
     <span class='ocr_line' id='line_1_35' title="bbox 174 2169 974 2223; baseline 0.001 -13"><span class='ocrx_word' id='word_1_150' title='bbox 174 2169 551 2223; x_wconf 88' lang='lat' dir='ltr'>lachrymantibus</span> <span class='ocrx_word' id='word_1_151' title='bbox 611 2170 818 2211; x_wconf 91' lang='lat' dir='ltr'>omnibus</span> <span class='ocrx_word' id='word_1_152' title='bbox 878 2177 974 2211; x_wconf 92' lang='lat' dir='ltr'>tan-</span> 
     </span>
    </p>

    <p class='ocr_par' dir='ltr' id='par_1_13' title="bbox 174 2227 975 2282">
     <span class='ocr_line' id='line_1_36' title="bbox 174 2227 975 2282; baseline 0 -14"><span class='ocrx_word' id='word_1_153' title='bbox 174 2241 309 2281; x_wconf 89' lang='lat' dir='ltr'>quam</span> <span class='ocrx_word' id='word_1_154' title='bbox 332 2227 510 2281; x_wconf 92' lang='lat' dir='ltr'>publico</span> <span class='ocrx_word' id='word_1_155' title='bbox 532 2234 715 2282; x_wconf 88' lang='lat' dir='ltr'>parente</span> <span class='ocrx_word' id='word_1_156' title='bbox 737 2227 902 2269; x_wconf 89' lang='lat' dir='ltr'>orbatis</span> <span class='ocrx_word' id='word_1_157' title='bbox 932 2229 975 2269; x_wconf 87' lang='lat' dir='ltr'>in</span> 
     </span>
    </p>

    <p class='ocr_par' dir='ltr' id='par_1_14' title="bbox 175 2284 976 2397">
     <span class='ocr_line' id='line_1_37' title="bbox 175 2284 976 2383; baseline 0.001 -58"><span class='ocrx_word' id='word_1_158' title='bbox 175 2284 349 2383; x_wconf 40' lang='lat' dir='ltr'>{amica</span> <span class='ocrx_word' id='word_1_159' title='bbox 391 2285 507 2327; x_wconf 90' lang='lat' dir='ltr'>Petri</span> <span class='ocrx_word' id='word_1_160' title='bbox 558 2291 718 2340; x_wconf 90' lang='lat' dir='ltr'>quarto</span> <span class='ocrx_word' id='word_1_161' title='bbox 768 2286 976 2327; x_wconf 89' lang='lat' dir='ltr'>calendas</span> 
     </span>
     <span class='ocr_line' id='line_1_38' title="bbox 203 2342 289 2397; baseline 0 -13"><span class='ocrx_word' id='word_1_162' title='bbox 203 2342 289 2397; x_wconf 87' lang='lat' dir='ltr'>ulij.</span> 
     </span>
    </p>
   </div>
   <div class='ocr_carea' id='block_1_10' title="bbox 466 2438 630 2481">
    <p class='ocr_par' dir='ltr' id='par_1_15' title="bbox 466 2438 630 2481">
     <span class='ocr_line' id='line_1_39' title="bbox 466 2438 630 2481; baseline 0.006 -1"><span class='ocrx_word' id='word_1_163' title='bbox 466 2438 630 2481; x_wconf 81' lang='lat' dir='ltr'>Oratio.</span> 
     </span>
    </p>
   </div>
   <div class='ocr_carea' id='block_1_11' title="bbox 175 2513 979 2799">
    <p class='ocr_par' dir='ltr' id='par_1_16' title="bbox 182 2513 976 2597">
     <span class='ocr_line' id='line_1_40' title="bbox 182 2513 976 2597; baseline 0.001 -42"><span class='ocrx_word' id='word_1_164' title='bbox 182 2513 374 2597; x_wconf 88' lang='lat' dir='ltr'>DEus,</span> <span class='ocrx_word' id='word_1_165' title='bbox 419 2513 494 2568; x_wconf 91' lang='lat' dir='ltr'>qui</span> <span class='ocrx_word' id='word_1_166' title='bbox 546 2514 726 2556; x_wconf 89' lang='lat' dir='ltr'>beatum</span> <span class='ocrx_word' id='word_1_167' title='bbox 780 2514 976 2556; x_wconf 89' lang='lat' dir='ltr'>Leonem</span> 
     </span>
    </p>

    <p class='ocr_par' dir='ltr' id='par_1_17' title="bbox 175 2570 979 2799">
     <span class='ocr_line' id='line_1_41' title="bbox 296 2570 976 2626; baseline 0.003 -14"><span class='ocrx_word' id='word_1_168' title='bbox 296 2571 551 2626; x_wconf 88' lang='lat' dir='ltr'>pontificem</span> <span class='ocrx_word' id='word_1_169' title='bbox 582 2577 707 2613; x_wconf 90' lang='lat' dir='ltr'>tuum</span> <span class='ocrx_word' id='word_1_170' title='bbox 731 2570 976 2614; x_wconf 57' lang='lat' dir='ltr'>sanctorum</span> 
     </span>
     <span class='ocr_line' id='line_1_42' title="bbox 175 2629 979 2684; baseline 0.001 -14"><span class='ocrx_word' id='word_1_171' title='bbox 175 2635 351 2671; x_wconf 88' lang='lat' dir='ltr'>tuorum</span> <span class='ocrx_word' id='word_1_172' title='bbox 385 2630 550 2670; x_wconf 88' lang='lat' dir='ltr'>meritis</span> <span class='ocrx_word' id='word_1_173' title='bbox 571 2629 806 2684; x_wconf 67' lang='lat' dir='ltr'>coaequasti</span> <span class='ocrx_word' id='word_1_174' title='bbox 838 2646 847 2671; x_wconf 91' lang='lat'>:</span> <span class='ocrx_word' id='word_1_175' title='bbox 875 2644 979 2671; x_wconf 90' lang='lat' dir='ltr'>con-</span> 
     </span>
     <span class='ocr_line' id='line_1_43' title="bbox 176 2686 978 2741; baseline 0.004 -14"><span class='ocrx_word' id='word_1_176' title='bbox 176 2686 285 2728; x_wconf 90' lang='lat' dir='ltr'>cede</span> <span class='ocrx_word' id='word_1_177' title='bbox 298 2688 512 2741; x_wconf 87' lang='lat' dir='ltr'>propitius</span> <span class='ocrx_word' id='word_1_178' title='bbox 531 2702 540 2728; x_wconf 93' lang='lat'><strong>:</strong></span> <span class='ocrx_word' id='word_1_179' title='bbox 556 2693 603 2728; x_wconf 91' lang='lat' dir='ltr'>vt</span> <span class='ocrx_word' id='word_1_180' title='bbox 619 2688 693 2741; x_wconf 90' lang='lat' dir='ltr'>qui</span> <span class='ocrx_word' id='word_1_181' title='bbox 708 2701 978 2730; x_wconf 90' lang='lat' dir='ltr'>commemo-</span> 
     </span>
     <span class='ocr_line' id='line_1_44' title="bbox 177 2744 978 2799; baseline 0.002 -14"><span class='ocrx_word' id='word_1_182' title='bbox 177 2744 359 2786; x_wconf 83' lang='lat' dir='ltr'>rationis</span> <span class='ocrx_word' id='word_1_183' title='bbox 389 2745 483 2786; x_wconf 87' lang='lat' dir='ltr'>eius</span> <span class='ocrx_word' id='word_1_184' title='bbox 517 2744 622 2786; x_wconf 86' lang='lat' dir='ltr'>festa</span> <span class='ocrx_word' id='word_1_185' title='bbox 662 2746 927 2799; x_wconf 86' lang='lat' dir='ltr'>percolimus</span> <span class='ocrx_word' id='word_1_186' title='bbox 969 2762 978 2787; x_wconf 91' lang='lat'>:</span> 
     </span>
    </p>
   </div>
   <div class='ocr_carea' id='block_1_12' title="bbox 248 2900 583 3041">
    <p class='ocr_par' dir='ltr' id='par_1_18' title="bbox 248 2900 583 3041">
     <span class='ocr_line' id='line_1_45' title="bbox 248 2900 477 2937; baseline -0.004 -1"><span class='ocrx_word' id='word_1_187' title='bbox 248 2901 259 2923; x_wconf 90' lang='lat'><strong>¹</strong></span> <span class='ocrx_word' id='word_1_188' title='bbox 285 2900 385 2937; x_wconf 81' lang='lat' dir='ltr'>laetia</span> <span class='ocrx_word' id='word_1_189' title='bbox 408 2915 414 2937; x_wconf 94' lang='lat'>:</span> <span class='ocrx_word' id='word_1_190' title='bbox 434 2901 477 2936; x_wconf 75' lang='lat' dir='ltr'>A.</span> 
     </span>
     <span class='ocr_line' id='line_1_46' title="bbox 248 2948 547 2984; baseline 0 -1"><span class='ocrx_word' id='word_1_191' title='bbox 248 2948 261 2970; x_wconf 85' lang='lat'><strong>²</strong></span> <span class='ocrx_word' id='word_1_192' title='bbox 286 2948 346 2983; x_wconf 87' lang='lat' dir='ltr'>die</span> <span class='ocrx_word' id='word_1_193' title='bbox 366 2948 420 2983; x_wconf 83' lang='lat'>28.</span> <span class='ocrx_word' id='word_1_194' title='bbox 442 2949 482 2983; x_wconf 84' lang='lat' dir='ltr'>in</span> <span class='ocrx_word' id='word_1_195' title='bbox 501 2960 547 2984; x_wconf 89' lang='lat' dir='ltr'>m.</span> 
     </span>
     <span class='ocr_line' id='line_1_47' title="bbox 249 2995 583 3041; baseline 0.006 -12"><span class='ocrx_word' id='word_1_196' title='bbox 249 2995 262 3017; x_wconf 80' lang='lat'><strong>³</strong></span> <span class='ocrx_word' id='word_1_197' title='bbox 288 2996 497 3041; x_wconf 73' lang='lat' dir='ltr'>matutinas¹</span> <span class='ocrx_word' id='word_1_198' title='bbox 513 3008 525 3032; x_wconf 88' lang='lat'>.·</span> <span class='ocrx_word' id='word_1_199' title='bbox 546 2997 583 3031; x_wconf 82' lang='lat'>1‘.</span> 
     </span>
    </p>
   </div>
   <div class='ocr_carea' id='block_1_13' title="bbox 1041 259 1847 375">
    <p class='ocr_par' dir='ltr' id='par_1_19' title="bbox 1041 259 1847 375">
     <span class='ocr_line' id='line_1_48' title="bbox 1041 259 1847 316; baseline -0.005 -12"><span class='ocrx_word' id='word_1_200' title='bbox 1041 263 1145 305; x_wconf 86' lang='lat' dir='ltr'>vitae</span> <span class='ocrx_word' id='word_1_201' title='bbox 1167 275 1345 316; x_wconf 90' lang='lat' dir='ltr'>quoque</span> <span class='ocrx_word' id='word_1_202' title='bbox 1368 260 1592 302; x_wconf 88' lang='lat' dir='ltr'>imitemur</span> <span class='ocrx_word' id='word_1_203' title='bbox 1608 259 1819 313; x_wconf 89' lang='lat' dir='ltr'>exempla</span> <span class='ocrx_word' id='word_1_204' title='bbox 1838 273 1847 300; x_wconf 92' lang='lat'><strong>:</strong></span> 
     </span>
     <span class='ocr_line' id='line_1_49' title="bbox 1041 334 1131 375; baseline 0 -13"><span class='ocrx_word' id='word_1_205' title='bbox 1041 334 1131 375; x_wconf 88' lang='lat' dir='ltr'>per.</span> 
     </span>
    </p>
   </div>
   <div class='ocr_carea' id='block_1_14' title="bbox 1042 415 1848 471">
    <p class='ocr_par' dir='ltr' id='par_1_20' title="bbox 1042 415 1848 471">
     <span class='ocr_line' id='line_1_50' title="bbox 1042 415 1848 471; baseline -0.005 -11"><span class='ocrx_word' id='word_1_206' title='bbox 1042 421 1088 467; x_wconf 72' lang='grc' dir='ltr'>ΙΙ</span> <span class='ocrx_word' id='word_1_207' title='bbox 1121 418 1282 459; x_wconf 82' lang='lat' dir='ltr'>Petrus</span> <span class='ocrx_word' id='word_1_208' title='bbox 1300 424 1343 459; x_wconf 83' lang='lat' dir='ltr'>et</span> <span class='ocrx_word' id='word_1_209' title='bbox 1360 417 1534 460; x_wconf 83' lang='lat' dir='ltr'>Paulus</span> <span class='ocrx_word' id='word_1_210' title='bbox 1553 416 1593 458; x_wconf 84' lang='lat' dir='ltr'><em>A</em></span> <span class='ocrx_word' id='word_1_211' title='bbox 1596 415 1750 471; x_wconf 80' lang='lat' dir='ltr'><em>postoli</em></span> <span class='ocrx_word' id='word_1_212' title='bbox 1768 416 1848 456; x_wconf 80' lang='lat' dir='ltr'>du-</span> 
     </span>
    </p>
   </div>
   <div class='ocr_carea' id='block_1_15' title="bbox 1087 475 1848 589">
    <p class='ocr_par' dir='ltr' id='par_1_21' title="bbox 1087 475 1848 589">
     <span class='ocr_line' id='line_1_51' title="bbox 1087 475 1848 530; baseline -0.004 -12"><span class='ocrx_word' id='word_1_213' title='bbox 1087 475 1194 530; x_wconf 79' lang='lat' dir='ltr'>plex</span> <span class='ocrx_word' id='word_1_214' title='bbox 1216 476 1371 518; x_wconf 83' lang='lat' dir='ltr'>maius.</span> <span class='ocrx_word' id='word_1_215' title='bbox 1392 482 1434 517; x_wconf 85' lang='lat' dir='ltr'>et</span> <span class='ocrx_word' id='word_1_216' title='bbox 1457 475 1615 517; x_wconf 72' lang='lat' dir='ltr'>habent</span> <span class='ocrx_word' id='word_1_217' title='bbox 1642 482 1848 516; x_wconf 83' lang='lat' dir='ltr'>octauam.</span> 
     </span>
     <span class='ocr_line' id='line_1_52' title="bbox 1098 533 1676 589; baseline -0.005 -13"><span class='ocrx_word' id='word_1_218' title='bbox 1098 536 1140 575; x_wconf 85' lang='lat' dir='ltr'><em>A</em></span> <span class='ocrx_word' id='word_1_219' title='bbox 1147 535 1183 576; x_wconf 81' lang='lat' dir='ltr'><em>d</em></span> <span class='ocrx_word' id='word_1_220' title='bbox 1198 534 1398 589; x_wconf 70' lang='lat' dir='ltr'>vesperas.</span> <span class='ocrx_word' id='word_1_221' title='bbox 1458 533 1676 588; x_wconf 84' lang='lat' dir='ltr'>Hymnus.</span> 
     </span>
    </p>
   </div>
   <div class='ocr_carea' id='block_1_16' title="bbox 1042 613 1861 1471">
    <p class='ocr_par' dir='ltr' id='par_1_22' title="bbox 1042 613 1850 891">
     <span class='ocr_line' id='line_1_53' title="bbox 1106 613 1848 667; baseline -0.005 -9"><span class='ocrx_word' id='word_1_222' title='bbox 1106 617 1225 658; x_wconf 90' lang='lat' dir='ltr'>Vrea</span> <span class='ocrx_word' id='word_1_223' title='bbox 1241 616 1348 667; x_wconf 88' lang='lat' dir='ltr'>luce,</span> <span class='ocrx_word' id='word_1_224' title='bbox 1364 622 1407 658; x_wconf 91' lang='lat' dir='ltr'>et</span> <span class='ocrx_word' id='word_1_225' title='bbox 1424 616 1582 658; x_wconf 89' lang='lat' dir='ltr'>decore</span> <span class='ocrx_word' id='word_1_226' title='bbox 1598 614 1721 656; x_wconf 89' lang='lat' dir='ltr'>roseo</span> <span class='ocrx_word' id='word_1_227' title='bbox 1743 613 1848 655; x_wconf 86' lang='lat' dir='ltr'>Lux</span> 
     </span>
     <span class='ocr_line' id='line_1_54' title="bbox 1157 671 1850 728; baseline -0.004 -12"><span class='ocrx_word' id='word_1_228' title='bbox 1157 675 1265 716; x_wconf 90' lang='lat' dir='ltr'>lucis</span> <span class='ocrx_word' id='word_1_229' title='bbox 1301 688 1434 716; x_wconf 91' lang='lat' dir='ltr'>omne</span> <span class='ocrx_word' id='word_1_230' title='bbox 1470 672 1695 728; x_wconf 88' lang='lat' dir='ltr'>perfudisti</span> <span class='ocrx_word' id='word_1_231' title='bbox 1732 671 1850 713; x_wconf 83' lang='lat' dir='ltr'>secu-</span> 
     </span>
     <span class='ocr_line' id='line_1_55' title="bbox 1042 730 1849 784; baseline -0.006 -9"><span class='ocrx_word' id='word_1_232' title='bbox 1042 732 1134 774; x_wconf 92' lang='lat' dir='ltr'>lum</span> <span class='ocrx_word' id='word_1_233' title='bbox 1178 749 1186 775; x_wconf 93' lang='lat'><strong>:</strong></span> <span class='ocrx_word' id='word_1_234' title='bbox 1232 733 1460 774; x_wconf 90' lang='lat' dir='ltr'>Decorans</span> <span class='ocrx_word' id='word_1_235' title='bbox 1501 732 1639 773; x_wconf 90' lang='lat' dir='ltr'>coelos</span> <span class='ocrx_word' id='word_1_236' title='bbox 1680 730 1849 784; x_wconf 89' lang='lat' dir='ltr'>inclyto</span> 
     </span>
     <span class='ocr_line' id='line_1_56' title="bbox 1043 789 1849 845; baseline -0.004 -13"><span class='ocrx_word' id='word_1_237' title='bbox 1043 791 1256 845; x_wconf 88' lang='lat' dir='ltr'>martyrio</span> <span class='ocrx_word' id='word_1_238' title='bbox 1281 791 1381 832; x_wconf 88' lang='lat' dir='ltr'>Hac</span> <span class='ocrx_word' id='word_1_239' title='bbox 1404 790 1522 832; x_wconf 89' lang='lat' dir='ltr'>sacra</span> <span class='ocrx_word' id='word_1_240' title='bbox 1543 789 1629 840; x_wconf 90' lang='lat' dir='ltr'>die,</span> <span class='ocrx_word' id='word_1_241' title='bbox 1649 802 1747 843; x_wconf 84' lang='lat' dir='ltr'>quae</span> <span class='ocrx_word' id='word_1_242' title='bbox 1770 789 1849 830; x_wconf 91' lang='lat' dir='ltr'>dat</span> 
     </span>
     <span class='ocr_line' id='line_1_57' title="bbox 1043 849 1643 891; baseline -0.002 -1"><span class='ocrx_word' id='word_1_243' title='bbox 1043 850 1127 890; x_wconf 90' lang='lat' dir='ltr'>reis</span> <span class='ocrx_word' id='word_1_244' title='bbox 1148 849 1335 891; x_wconf 89' lang='lat' dir='ltr'>veniam.</span> <span class='ocrx_word' id='word_1_245' title='bbox 1637 849 1643 855; x_wconf 84' lang='grc'><em>’</em></span> 
     </span>
    </p>

    <p class='ocr_par' dir='ltr' id='par_1_23' title="bbox 1042 904 1851 1193">
     <span class='ocr_line' id='line_1_58' title="bbox 1103 904 1850 958; baseline -0.005 -9"><span class='ocrx_word' id='word_1_246' title='bbox 1103 908 1274 949; x_wconf 88' lang='lat' dir='ltr'>Ianitor</span> <span class='ocrx_word' id='word_1_247' title='bbox 1301 906 1414 955; x_wconf 86' lang='lat' dir='ltr'>coeli,</span> <span class='ocrx_word' id='word_1_248' title='bbox 1435 904 1592 947; x_wconf 72' lang='grc' dir='ltr'>(1οᾶοτ</span> <span class='ocrx_word' id='word_1_249' title='bbox 1622 905 1740 946; x_wconf 88' lang='lat' dir='ltr'>orbis</span> <span class='ocrx_word' id='word_1_250' title='bbox 1773 918 1850 958; x_wconf 88' lang='lat' dir='ltr'>pa-</span> 
     </span>
     <span class='ocr_line' id='line_1_59' title="bbox 1043 963 1850 1013; baseline -0.005 -6"><span class='ocrx_word' id='word_1_251' title='bbox 1043 965 1147 1006; x_wconf 90' lang='lat' dir='ltr'>riter</span> <span class='ocrx_word' id='word_1_252' title='bbox 1185 965 1359 1006; x_wconf 89' lang='lat' dir='ltr'>Iudices</span> <span class='ocrx_word' id='word_1_253' title='bbox 1401 964 1510 1013; x_wconf 91' lang='lat' dir='ltr'>secli,</span> <span class='ocrx_word' id='word_1_254' title='bbox 1551 977 1654 1005; x_wconf 91' lang='lat' dir='ltr'>vera</span> <span class='ocrx_word' id='word_1_255' title='bbox 1695 963 1850 1004; x_wconf 90' lang='lat' dir='ltr'>mundi</span> 
     </span>
     <span class='ocr_line' id='line_1_60' title="bbox 1042 1020 1851 1064; baseline -0.005 0"><span class='ocrx_word' id='word_1_256' title='bbox 1042 1023 1212 1064; x_wconf 90' lang='lat' dir='ltr'>lumina</span> <span class='ocrx_word' id='word_1_257' title='bbox 1235 1024 1318 1064; x_wconf 91' lang='lat' dir='ltr'>Per</span> <span class='ocrx_word' id='word_1_258' title='bbox 1345 1036 1520 1064; x_wconf 89' lang='lat' dir='ltr'>crucem</span> <span class='ocrx_word' id='word_1_259' title='bbox 1553 1021 1665 1062; x_wconf 89' lang='lat' dir='ltr'>alter</span> <span class='ocrx_word' id='word_1_260' title='bbox 1698 1034 1707 1062; x_wconf 76' lang='lat' dir='ltr'><strong><em>z</em></strong></span> <span class='ocrx_word' id='word_1_261' title='bbox 1738 1020 1851 1061; x_wconf 86' lang='lat' dir='ltr'>alter</span> 
     </span>
     <span class='ocr_line' id='line_1_61' title="bbox 1044 1079 1850 1135; baseline -0.004 -13"><span class='ocrx_word' id='word_1_262' title='bbox 1044 1081 1144 1123; x_wconf 89' lang='lat' dir='ltr'>ense</span> <span class='ocrx_word' id='word_1_263' title='bbox 1175 1080 1453 1135; x_wconf 89' lang='lat' dir='ltr'>triumphans</span> <span class='ocrx_word' id='word_1_264' title='bbox 1490 1080 1609 1122; x_wconf 87' lang='lat' dir='ltr'>Vitae</span> <span class='ocrx_word' id='word_1_265' title='bbox 1651 1079 1850 1120; x_wconf 90' lang='lat' dir='ltr'>senatum</span> 
     </span>
     <span class='ocr_line' id='line_1_62' title="bbox 1044 1138 1482 1193; baseline -0.002 -13"><span class='ocrx_word' id='word_1_266' title='bbox 1044 1138 1231 1180; x_wconf 90' lang='lat' dir='ltr'>laureati</span> <span class='ocrx_word' id='word_1_267' title='bbox 1254 1139 1482 1193; x_wconf 77' lang='lat' dir='ltr'>possident.</span> 
     </span>
    </p>

    <p class='ocr_par' dir='ltr' id='par_1_24' title="bbox 1043 1194 1861 1471">
     <span class='ocr_line' id='line_1_63' title="bbox 1103 1194 1861 1250; baseline -0.005 -11"><span class='ocrx_word' id='word_1_268' title='bbox 1103 1197 1172 1239; x_wconf 87' lang='lat' dir='ltr'>Sit</span> <span class='ocrx_word' id='word_1_269' title='bbox 1200 1197 1386 1238; x_wconf 86' lang='lat' dir='ltr'>trinitati</span> <span class='ocrx_word' id='word_1_270' title='bbox 1410 1195 1674 1250; x_wconf 90' lang='lat' dir='ltr'>sempiterna</span> <span class='ocrx_word' id='word_1_271' title='bbox 1697 1194 1861 1249; x_wconf 85' lang='lat' dir='ltr'>gloria,·</span> 
     </span>
     <span class='ocr_line' id='line_1_64' title="bbox 1046 1252 1851 1309; baseline -0.005 -13"><span class='ocrx_word' id='word_1_272' title='bbox 1046 1255 1216 1304; x_wconf 90' lang='lat' dir='ltr'>Honor,</span> <span class='ocrx_word' id='word_1_273' title='bbox 1238 1255 1430 1309; x_wconf 88' lang='lat' dir='ltr'>potestas</span> <span class='ocrx_word' id='word_1_274' title='bbox 1456 1270 1464 1295; x_wconf 91' lang='lat'>:</span> <span class='ocrx_word' id='word_1_275' title='bbox 1488 1261 1622 1308; x_wconf 87' lang='lat' dir='ltr'>atque</span> <span class='ocrx_word' id='word_1_276' title='bbox 1649 1252 1851 1294; x_wconf 90' lang='lat' dir='ltr'>iubilatio</span> 
     </span>
     <span class='ocr_line' id='line_1_65' title="bbox 1045 1311 1850 1365; baseline -0.004 -11"><span class='ocrx_word' id='word_1_277' title='bbox 1045 1313 1098 1354; x_wconf 93' lang='lat' dir='ltr'>In</span> <span class='ocrx_word' id='word_1_278' title='bbox 1129 1314 1300 1354; x_wconf 89' lang='lat' dir='ltr'>vnitate</span> <span class='ocrx_word' id='word_1_279' title='bbox 1330 1313 1399 1354; x_wconf 90' lang='lat' dir='ltr'>cui</span> <span class='ocrx_word' id='word_1_280' title='bbox 1432 1318 1584 1353; x_wconf 89' lang='lat' dir='ltr'>manet</span> <span class='ocrx_word' id='word_1_281' title='bbox 1616 1311 1850 1365; x_wconf 91' lang='lat' dir='ltr'>imperium</span> 
     </span>
     <span class='ocr_line' id='line_1_66' title="bbox 1044 1370 1852 1424; baseline -0.002 -11"><span class='ocrx_word' id='word_1_282' title='bbox 1044 1371 1118 1412; x_wconf 89' lang='lat' dir='ltr'>Ex</span> <span class='ocrx_word' id='word_1_283' title='bbox 1158 1377 1264 1413; x_wconf 92' lang='lat' dir='ltr'>tunc</span> <span class='ocrx_word' id='word_1_284' title='bbox 1304 1377 1349 1412; x_wconf 94' lang='lat' dir='ltr'>et</span> <span class='ocrx_word' id='word_1_285' title='bbox 1391 1370 1526 1411; x_wconf 92' lang='lat' dir='ltr'>modo</span> <span class='ocrx_word' id='word_1_286' title='bbox 1566 1383 1646 1424; x_wconf 89' lang='lat' dir='ltr'>per</span> <span class='ocrx_word' id='word_1_287' title='bbox 1685 1375 1852 1411; x_wconf 85' lang='lat' dir='ltr'>aeterna</span> 
     </span>
     <span class='ocr_line' id='line_1_67' title="bbox 1043 1428 1420 1471; baseline -0.005 0"><span class='ocrx_word' id='word_1_288' title='bbox 1043 1429 1196 1471; x_wconf 92' lang='lat' dir='ltr'>secula.</span> <span class='ocrx_word' id='word_1_289' title='bbox 1257 1428 1420 1470; x_wconf 90' lang='lat' dir='ltr'>Amen.</span> 
     </span>
    </p>
   </div>
   <div class='ocr_carea' id='block_1_17' title="bbox 1365 1518 1530 1562">
    <p class='ocr_par' dir='ltr' id='par_1_25' title="bbox 1365 1518 1530 1562">
     <span class='ocr_line' id='line_1_68' title="bbox 1365 1518 1530 1562; baseline -0.012 0"><span class='ocrx_word' id='word_1_290' title='bbox 1365 1518 1530 1562; x_wconf 83' lang='lat' dir='ltr'>Oratio.</span> 
     </span>
    </p>
   </div>
   <div class='ocr_carea' id='block_1_18' title="bbox 1042 1593 1852 1986">
    <p class='ocr_par' dir='ltr' id='par_1_26' title="bbox 1042 1593 1852 1986">
     <span class='ocr_line' id='line_1_69' title="bbox 1049 1593 1850 1680; baseline -0.005 -42"><span class='ocrx_word' id='word_1_291' title='bbox 1049 1596 1241 1680; x_wconf 86' lang='lat' dir='ltr'>DEus,</span> <span class='ocrx_word' id='word_1_292' title='bbox 1295 1595 1370 1649; x_wconf 89' lang='lat' dir='ltr'>qui</span> <span class='ocrx_word' id='word_1_293' title='bbox 1419 1594 1680 1636; x_wconf 88' lang='lat' dir='ltr'>hodiernam</span> <span class='ocrx_word' id='word_1_294' title='bbox 1731 1593 1850 1635; x_wconf 92' lang='lat' dir='ltr'>diem</span> 
     </span>
     <span class='ocr_line' id='line_1_70' title="bbox 1164 1652 1852 1708; baseline -0.004 -13"><span class='ocrx_word' id='word_1_295' title='bbox 1164 1653 1463 1708; x_wconf 87' lang='lat' dir='ltr'>apostolorum</span> <span class='ocrx_word' id='word_1_296' title='bbox 1506 1659 1684 1694; x_wconf 92' lang='lat' dir='ltr'>tuorum</span> <span class='ocrx_word' id='word_1_297' title='bbox 1721 1652 1852 1703; x_wconf 87' lang='lat' dir='ltr'>Petri,</span> 
     </span>
     <span class='ocr_line' id='line_1_71' title="bbox 1042 1709 1848 1764; baseline -0.002 -10"><span class='ocrx_word' id='word_1_298' title='bbox 1042 1719 1087 1754; x_wconf 90' lang='lat' dir='ltr'>et</span> <span class='ocrx_word' id='word_1_299' title='bbox 1122 1712 1246 1754; x_wconf 92' lang='lat' dir='ltr'>Pauli</span> <span class='ocrx_word' id='word_1_300' title='bbox 1284 1711 1498 1764; x_wconf 89' lang='lat' dir='ltr'>martyrio</span> <span class='ocrx_word' id='word_1_301' title='bbox 1539 1709 1795 1752; x_wconf 89' lang='lat' dir='ltr'>consecrasti</span> <span class='ocrx_word' id='word_1_302' title='bbox 1840 1726 1848 1752; x_wconf 90' lang='lat'>:</span> 
     </span>
     <span class='ocr_line' id='line_1_72' title="bbox 1043 1769 1852 1811; baseline -0.004 0"><span class='ocrx_word' id='word_1_303' title='bbox 1043 1770 1101 1811; x_wconf 93' lang='lat' dir='ltr'>da</span> <span class='ocrx_word' id='word_1_304' title='bbox 1133 1769 1322 1811; x_wconf 84' lang='lat' dir='ltr'>ecclefiae</span> <span class='ocrx_word' id='word_1_305' title='bbox 1363 1776 1452 1810; x_wconf 86' lang='lat' dir='ltr'>tuae</span> <span class='ocrx_word' id='word_1_306' title='bbox 1490 1782 1642 1810; x_wconf 90' lang='lat' dir='ltr'>eorum</span> <span class='ocrx_word' id='word_1_307' title='bbox 1681 1769 1724 1809; x_wconf 94' lang='lat' dir='ltr'>in</span> <span class='ocrx_word' id='word_1_308' title='bbox 1756 1781 1852 1808; x_wconf 89' lang='lat' dir='ltr'>om-</span> 
     </span>
     <span class='ocr_line' id='line_1_73' title="bbox 1044 1828 1850 1882; baseline -0.004 -13"><span class='ocrx_word' id='word_1_309' title='bbox 1044 1829 1174 1869; x_wconf 89' lang='lat' dir='ltr'>nibus</span> <span class='ocrx_word' id='word_1_310' title='bbox 1189 1828 1305 1882; x_wconf 90' lang='lat' dir='ltr'>sequi</span> <span class='ocrx_word' id='word_1_311' title='bbox 1323 1833 1597 1881; x_wconf 79' lang='lat' dir='ltr'>praeceptum</span> <span class='ocrx_word' id='word_1_312' title='bbox 1619 1842 1627 1867; x_wconf 83' lang='lat' dir='ltr'>z</span> <span class='ocrx_word' id='word_1_313' title='bbox 1647 1839 1724 1880; x_wconf 89' lang='lat' dir='ltr'>per</span> <span class='ocrx_word' id='word_1_314' title='bbox 1737 1839 1850 1880; x_wconf 90' lang='lat' dir='ltr'>quos</span> 
     </span>
     <span class='ocr_line' id='line_1_74' title="bbox 1044 1884 1850 1939; baseline -0.004 -12"><span class='ocrx_word' id='word_1_315' title='bbox 1044 1886 1269 1939; x_wconf 87' lang='lat' dir='ltr'>religionis</span> <span class='ocrx_word' id='word_1_316' title='bbox 1287 1884 1463 1939; x_wconf 79' lang='lat' dir='ltr'>sumpsit</span> <span class='ocrx_word' id='word_1_317' title='bbox 1480 1884 1716 1925; x_wconf 86' lang='lat' dir='ltr'>exordium</span> <span class='ocrx_word' id='word_1_318' title='bbox 1740 1899 1748 1925; x_wconf 77' lang='grc' dir='ltr'>ε</span> <span class='ocrx_word' id='word_1_319' title='bbox 1771 1898 1850 1938; x_wconf 90' lang='lat' dir='ltr'>per</span> 
     </span>
     <span class='ocr_line' id='line_1_75' title="bbox 1044 1945 1291 1986; baseline -0.004 0"><span class='ocrx_word' id='word_1_320' title='bbox 1044 1945 1291 1986; x_wconf 88' lang='lat' dir='ltr'>dominum.</span> 
     </span>
    </p>
   </div>
   <div class='ocr_carea' id='block_1_19' title="bbox 1045 2037 1851 2198">
    <p class='ocr_par' dir='ltr' id='par_1_27' title="bbox 1045 2037 1851 2198">
     <span class='ocr_line' id='line_1_76' title="bbox 1045 2037 1851 2088; baseline -0.002 -7"><span class='ocrx_word' id='word_1_321' title='bbox 1045 2043 1089 2088; x_wconf 71' lang='lat' dir='ltr'>(I</span> <span class='ocrx_word' id='word_1_322' title='bbox 1123 2039 1206 2081; x_wconf 82' lang='lat' dir='ltr'>Ad</span> <span class='ocrx_word' id='word_1_323' title='bbox 1230 2037 1520 2081; x_wconf 82' lang='lat' dir='ltr'>matutinum⁸</span> <span class='ocrx_word' id='word_1_324' title='bbox 1542 2038 1851 2080; x_wconf 78' lang='lat' dir='ltr'>inuitatorium</span> 
     </span>
     <span class='ocr_line' id='line_1_77' title="bbox 1102 2096 1850 2152; baseline -0.001 -13"><span class='ocrx_word' id='word_1_325' title='bbox 1102 2105 1143 2140; x_wconf 83' lang='lat' dir='ltr'>et</span> <span class='ocrx_word' id='word_1_326' title='bbox 1161 2098 1347 2152; x_wconf 75' lang='lat' dir='ltr'>hymnus</span> <span class='ocrx_word' id='word_1_327' title='bbox 1373 2097 1426 2138; x_wconf 82' lang='lat' dir='ltr'>de</span> <span class='ocrx_word' id='word_1_328' title='bbox 1453 2096 1671 2138; x_wconf 83' lang='lat' dir='ltr'>communi</span> <span class='ocrx_word' id='word_1_329' title='bbox 1694 2097 1850 2152; x_wconf 84' lang='lat' dir='ltr'>aposto-</span> 
     </span>
     <span class='ocr_line' id='line_1_78' title="bbox 1103 2155 1643 2198; baseline 0 -1"><span class='ocrx_word' id='word_1_330' title='bbox 1103 2156 1255 2198; x_wconf 85' lang='lat' dir='ltr'>lorum.</span> <span class='ocrx_word' id='word_1_331' title='bbox 1314 2155 1460 2197; x_wconf 70' lang='lat' dir='ltr'>Lcc‘lz&#39;o</span> <span class='ocrx_word' id='word_1_332' title='bbox 1481 2155 1643 2197; x_wconf 50' lang='lat' dir='ltr'>tertiat</span> 
     </span>
    </p>
   </div>
   <div class='ocr_carea' id='block_1_20' title="bbox 1047 2222 1851 2799">
    <p class='ocr_par' dir='ltr' id='par_1_28' title="bbox 1047 2222 1851 2799">
     <span class='ocr_line' id='line_1_79' title="bbox 1053 2222 1850 2307; baseline -0.003 -41"><span class='ocrx_word' id='word_1_333' title='bbox 1053 2224 1265 2307; x_wconf 81' lang='lat' dir='ltr'>PEtrus</span> <span class='ocrx_word' id='word_1_334' title='bbox 1302 2224 1505 2278; x_wconf 88' lang='lat' dir='ltr'>princeps</span> <span class='ocrx_word' id='word_1_335' title='bbox 1538 2222 1850 2277; x_wconf 89' lang='lat' dir='ltr'>apostolorum,</span> 
     </span>
     <span class='ocr_line' id='line_1_80' title="bbox 1159 2281 1848 2324; baseline 0 -1"><span class='ocrx_word' id='word_1_336' title='bbox 1159 2283 1227 2323; x_wconf 86' lang='lat' dir='ltr'>cui</span> <span class='ocrx_word' id='word_1_337' title='bbox 1265 2281 1460 2324; x_wconf 82' lang='lat' dir='ltr'>Christus</span> <span class='ocrx_word' id='word_1_338' title='bbox 1501 2281 1750 2323; x_wconf 88' lang='lat' dir='ltr'>ascensurus</span> <span class='ocrx_word' id='word_1_339' title='bbox 1791 2282 1848 2323; x_wconf 89' lang='lat' dir='ltr'>ad</span> 
     </span>
     <span class='ocr_line' id='line_1_81' title="bbox 1047 2338 1851 2394; baseline -0.001 -13"><span class='ocrx_word' id='word_1_340' title='bbox 1047 2346 1216 2394; x_wconf 86' lang='lat' dir='ltr'>patrem</span> <span class='ocrx_word' id='word_1_341' title='bbox 1229 2340 1350 2381; x_wconf 89' lang='lat' dir='ltr'>suum</span> <span class='ocrx_word' id='word_1_342' title='bbox 1365 2353 1544 2393; x_wconf 86' lang='lat' dir='ltr'>gregem</span> <span class='ocrx_word' id='word_1_343' title='bbox 1560 2338 1851 2393; x_wconf 83' lang='lat' dir='ltr'>pascendum⁶</span> 
     </span>
     <span class='ocr_line' id='line_1_82' title="bbox 1047 2397 1849 2450; baseline -0.004 -10"><span class='ocrx_word' id='word_1_344' title='bbox 1047 2399 1090 2440; x_wconf 89' lang='lat' dir='ltr'>id</span> <span class='ocrx_word' id='word_1_345' title='bbox 1114 2398 1174 2439; x_wconf 91' lang='lat' dir='ltr'>est</span> <span class='ocrx_word' id='word_1_346' title='bbox 1197 2397 1316 2439; x_wconf 83' lang='lat' dir='ltr'>suam</span> <span class='ocrx_word' id='word_1_347' title='bbox 1346 2397 1571 2439; x_wconf 81' lang='lat' dir='ltr'>ecclefiam</span> <span class='ocrx_word' id='word_1_348' title='bbox 1599 2397 1849 2450; x_wconf 87' lang='lat' dir='ltr'>gubernan-</span> 
     </span>
     <span class='ocr_line' id='line_1_83' title="bbox 1048 2454 1847 2498; baseline -0.004 0"><span class='ocrx_word' id='word_1_349' title='bbox 1048 2454 1175 2498; x_wconf 75' lang='lat' dir='ltr'>dam⁶</span> <span class='ocrx_word' id='word_1_350' title='bbox 1210 2462 1277 2497; x_wconf 91' lang='lat' dir='ltr'>ter</span> <span class='ocrx_word' id='word_1_351' title='bbox 1318 2455 1651 2496; x_wconf 86' lang='lat' dir='ltr'>commendauit</span> <span class='ocrx_word' id='word_1_352' title='bbox 1693 2470 1702 2496; x_wconf 92' lang='lat'>:</span> <span class='ocrx_word' id='word_1_353' title='bbox 1746 2455 1847 2496; x_wconf 83' lang='lat' dir='ltr'>cu&#39;m</span> 
     </span>
     <span class='ocr_line' id='line_1_84' title="bbox 1048 2512 1849 2567; baseline -0.004 -11"><span class='ocrx_word' id='word_1_354' title='bbox 1048 2513 1188 2556; x_wconf 80' lang='lat' dir='ltr'>multa</span> <span class='ocrx_word' id='word_1_355' title='bbox 1209 2513 1304 2567; x_wconf 89' lang='lat' dir='ltr'>post</span> <span class='ocrx_word' id='word_1_356' title='bbox 1326 2512 1481 2556; x_wconf 82' lang='lat' dir='ltr'>Christi</span> <span class='ocrx_word' id='word_1_357' title='bbox 1504 2512 1726 2554; x_wconf 88' lang='lat' dir='ltr'>ascensum</span> <span class='ocrx_word' id='word_1_358' title='bbox 1748 2526 1849 2554; x_wconf 91' lang='lat' dir='ltr'>cum</span> 
     </span>
     <span class='ocr_line' id='line_1_85' title="bbox 1047 2570 1851 2626; baseline -0.002 -13"><span class='ocrx_word' id='word_1_359' title='bbox 1047 2571 1254 2626; x_wconf 89' lang='lat' dir='ltr'>apostolis</span> <span class='ocrx_word' id='word_1_360' title='bbox 1270 2570 1530 2620; x_wconf 85' lang='lat' dir='ltr'>confecisset,</span> <span class='ocrx_word' id='word_1_361' title='bbox 1547 2584 1646 2624; x_wconf 83' lang='lat' dir='ltr'>quae</span> <span class='ocrx_word' id='word_1_362' title='bbox 1668 2571 1724 2611; x_wconf 90' lang='lat' dir='ltr'>ad</span> <span class='ocrx_word' id='word_1_363' title='bbox 1747 2583 1851 2612; x_wconf 92' lang='lat' dir='ltr'>con-</span> 
     </span>
     <span class='ocr_line' id='line_1_86' title="bbox 1048 2627 1849 2683; baseline -0.002 -12"><span class='ocrx_word' id='word_1_364' title='bbox 1048 2629 1313 2671; x_wconf 87' lang='lat' dir='ltr'>stituendam</span> <span class='ocrx_word' id='word_1_365' title='bbox 1348 2635 1392 2670; x_wconf 92' lang='lat' dir='ltr'>et</span> <span class='ocrx_word' id='word_1_366' title='bbox 1426 2629 1762 2683; x_wconf 84' lang='lat' dir='ltr'>propagandam</span> <span class='ocrx_word' id='word_1_367' title='bbox 1802 2627 1849 2669; x_wconf 83' lang='lat' dir='ltr'>fi-</span> 
     </span>
     <span class='ocr_line' id='line_1_87' title="bbox 1048 2686 1850 2742; baseline -0.001 -14"><span class='ocrx_word' id='word_1_368' title='bbox 1048 2687 1152 2729; x_wconf 90' lang='lat' dir='ltr'>dem</span> <span class='ocrx_word' id='word_1_369' title='bbox 1212 2687 1493 2742; x_wconf 85' lang='lat' dir='ltr'>pertinerent,</span> <span class='ocrx_word' id='word_1_370' title='bbox 1550 2686 1720 2727; x_wconf 83' lang='lat' dir='ltr'>caeteris</span> <span class='ocrx_word' id='word_1_371' title='bbox 1772 2699 1850 2740; x_wconf 89' lang='lat' dir='ltr'>per</span> 
     </span>
     <span class='ocr_line' id='line_1_88' title="bbox 1048 2744 1850 2799; baseline -0.002 -13"><span class='ocrx_word' id='word_1_372' title='bbox 1048 2746 1200 2787; x_wconf 90' lang='lat' dir='ltr'>orbem</span> <span class='ocrx_word' id='word_1_373' title='bbox 1219 2744 1415 2799; x_wconf 85' lang='lat' dir='ltr'>dispersss</span> <span class='ocrx_word' id='word_1_374' title='bbox 1429 2745 1484 2786; x_wconf 93' lang='lat' dir='ltr'>ad</span> <span class='ocrx_word' id='word_1_375' title='bbox 1504 2744 1850 2798; x_wconf 61' lang='lat' dir='ltr'>praedicandum,</span> 
     </span>
    </p>
   </div>
   <div class='ocr_carea' id='block_1_21' title="bbox 1120 2902 1536 3042">
    <p class='ocr_par' dir='ltr' id='par_1_29' title="bbox 1120 2902 1536 3042">
     <span class='ocr_line' id='line_1_89' title="bbox 1121 2902 1416 2947; baseline 0 -10"><span class='ocrx_word' id='word_1_376' title='bbox 1121 2902 1132 2924; x_wconf 87' lang='lat'>⁴</span> <span class='ocrx_word' id='word_1_377' title='bbox 1159 2902 1218 2938; x_wconf 90' lang='lat' dir='ltr'>die</span> <span class='ocrx_word' id='word_1_378' title='bbox 1239 2912 1292 2947; x_wconf 87' lang='lat'>29.</span> <span class='ocrx_word' id='word_1_379' title='bbox 1312 2902 1352 2937; x_wconf 82' lang='lat' dir='ltr'>in</span> <span class='ocrx_word' id='word_1_380' title='bbox 1371 2914 1416 2937; x_wconf 85' lang='lat' dir='ltr'>m.</span> 
     </span>
     <span class='ocr_line' id='line_1_90' title="bbox 1120 2949 1472 2995; baseline 0.003 -12"><span class='ocrx_word' id='word_1_381' title='bbox 1120 2950 1133 2970; x_wconf 76' lang='lat'>:.</span> <span class='ocrx_word' id='word_1_382' title='bbox 1159 2949 1382 2995; x_wconf 79' lang='lat' dir='ltr'>pascendam</span> <span class='ocrx_word' id='word_1_383' title='bbox 1407 2962 1413 2985; x_wconf 83' lang='lat' dir='ltr'>z</span> <span class='ocrx_word' id='word_1_384' title='bbox 1437 2950 1472 2984; x_wconf 86' lang='lat' dir='ltr'>l&#39;.</span> 
     </span>
     <span class='ocr_line' id='line_1_91' title="bbox 1121 2996 1536 3042; baseline 0 -11"><span class='ocrx_word' id='word_1_385' title='bbox 1121 2998 1134 3015; x_wconf 67' lang='lat'>‘⁵</span> <span class='ocrx_word' id='word_1_386' title='bbox 1159 2996 1444 3042; x_wconf 81' lang='lat' dir='ltr'>gubernandum</span> <span class='ocrx_word' id='word_1_387' title='bbox 1470 3009 1476 3032; x_wconf 86' lang='lat'><strong>:</strong></span> <span class='ocrx_word' id='word_1_388' title='bbox 1500 2997 1536 3031; x_wconf 82' lang='lat' dir='ltr'>l&#39;.</span> 
     </span>
    </p>
   </div>
  </div>
 </body>
</html>
