2066 3392
944 234 1026 276 xxi

207 357 364 400 tissime
399 358 572 413 suscepi,
609 358 733 401 simul
769 364 818 401 vt
853 358 1014 414 pastori
1057 358 1229 401 summo
1268 359 1562 402 honestiffima
1603 362 1757 415 praeci-

207 427 345 481 pienti
379 441 591 482 parerem,
625 427 749 469 fimul
782 434 831 470 vt
862 427 982 469 bono
1015 427 1195 482 publico
1230 434 1447 482 promea
1481 429 1593 471 virili
1630 437 1756 484 parte

209 495 422 538 seruirem.
483 496 715 538 Adhibitis
743 496 877 550 igitur
897 496 1159 550 quibusdam
1186 510 1386 539 meorum
1415 498 1755 540 domesticorum

208 565 500 619 prudentibus
522 563 797 606 hominibus¹
821 564 1038 606 sacrarum
1068 564 1306 615 literarum,
1328 571 1373 607 et
1403 566 1618 620 pontificij
1651 567 1755 608 iuris

208 633 410 676 doctrina
446 635 656 689 praeditis,
692 634 945 689 eisdemque
980 648 1136 689 graece,
1171 641 1216 677 et
1252 635 1389 677 latine
1425 636 1619 687 eruditis,
1651 637 1754 678 dedi

208 716 400 757 operam.
441 717 576 757 quam
617 704 815 744 maxime
851 703 988 758 potui,
1018 709 1066 744 vt
1098 704 1335 745 commode
1377 718 1429 746 ac
1460 719 1518 746 ex
1561 705 1753 747 vtilitate

209 770 387 826 publica
409 786 501 813 rem
524 771 787 813 conficerem
811 772 854 812 in
878 771 994 813 hunc
1017 772 1216 814 maxime
1238 773 1434 815 modum.

296 843 341 889 (I
378 840 553 883 Omisfis
587 840 855 895 antiphonis,
883 841 1101 895 capitulis,
1130 847 1175 883 et
1209 842 1500 896 responsorijs,
1522 857 1573 884 ac
1602 843 1754 885 multis

209 909 399 963 hymnis,
423 910 677 965 caeterisque
703 911 747 952 id
776 924 917 964 genus
946 911 1076 952 rebus
1106 911 1328 965 scripturae
1359 912 1489 954 sacrae
1517 898 1751 954 lectionem

202 978 567 1033 impedientibus,
607 980 875 1021 breuiarium
917 980 1087 1022 constat
1129 995 1188 1022 ex
1231 981 1410 1035 psalmis
1451 987 1495 1023 et
1544 981 1755 1036 scriptura

210 1046 326 1089 sacra
357 1049 527 1098 veteris,
555 1055 599 1090 et
628 1049 732 1090 noui
761 1048 1025 1100 testamenti,
1053 1055 1098 1091 et
1132 1048 1380 1091 sanctorum
1414 1049 1614 1104 historijs‚
1643 1064 1754 1104 quas

209 1130 268 1157 ex
296 1117 506 1171 probatis,
532 1124 576 1160 et
603 1118 815 1172 grauibus
846 1116 1100 1160 auctoribus
1131 1119 1287 1172 graecis
1319 1125 1363 1160 et
1394 1119 1543 1161 latinis
1574 1120 1754 1174 decerp-

209 1185 351 1236 fimus,
391 1186 655 1241 easdemque
701 1186 797 1228 stilo
837 1187 973 1241 paulo
1014 1188 1195 1241 quidem
1237 1187 1422 1230 cultiore
1467 1203 1554 1230 non
1602 1195 1752 1231 tamen

209 1254 358 1297 fucato
391 1270 610 1299 exornare
642 1258 906 1299 curauimus.
968 1255 1130 1298 Reliffi
1164 1256 1262 1298 sunt
1297 1258 1432 1299 etiam
1470 1272 1529 1299 ex
1562 1258 1755 1312 hymnis,

209 1325 284 1379 qui
307 1325 545 1379 plurimum
568 1326 769 1368 omnium
799 1325 975 1376 habere,
998 1326 1071 1368 vis1
1101 1325 1200 1368 sunt
1227 1324 1515 1377 auctoritatis,
1538 1333 1582 1369 et
1609 1328 1754 1382 graui-

208 1393 323 1434 tatis.
386 1394 542 1436 Psalmi
575 1394 671 1436 sunt
704 1395 766 1436 ita
801 1394 1031 1446 distributi,
1062 1400 1236 1436 retento
1273 1401 1493 1449 quatenus
1529 1395 1652 1438 licuit
1682 1410 1755 1438 ve-

206 1467 349 1504 terum
382 1470 558 1517 patrum
597 1464 807 1515 instituto,
837 1470 886 1506 vt
922 1478 1079 1505 omnes
1115 1464 1399 1518 perlegantur
1434 1465 1612 1519 singulis
1647 1465 1755 1508 heb-

207 1530 412 1572 domadis
449 1532 586 1573 totius
621 1532 740 1583 anni,
774 1532 888 1573 terni
925 1531 1103 1586 singulis
1141 1531 1272 1582 horis,
1305 1532 1433 1573 vnius
1476 1533 1754 1588 longitudine

207 1611 307 1640 cum
341 1599 522 1642 alterius
559 1601 779 1642 breuitate
815 1601 869 1642 s1c
901 1601 1197 1655 compensata,
1227 1607 1275 1643 vt
1306 1601 1432 1643 labor
1471 1602 1647 1656 legendi
1688 1603 1754 1644 di-

207 1682 341 1710 urnus
371 1683 452 1724 par
482 1671 822 1725 propemodum,
840 1670 889 1712 fit
921 1677 1016 1712 tota
1047 1670 1343 1722 hebdomada,
1366 1678 1410 1712 et
1441 1672 1626 1726 perinde
1656 1679 1755 1715 toto

205 1751 334 1781 anno.

293 1811 338 1858 ΙΙ
371 1807 505 1863 Quod
527 1810 719 1865 pertinet
741 1810 798 1851 ad
820 1816 1029 1852 caeteram
1053 1809 1310 1864 scripturam
1333 1809 1514 1859 sacram,
1534 1825 1593 1852 ex
1615 1813 1752 1854 veteri

207 1877 470 1920 testamento
505 1878 793 1933 perleguntur
827 1879 1047 1929 vtiliffimi‚
1083 1885 1128 1921 et
1163 1880 1399 1934 grauissimi
1436 1881 1601 1935 quique
1642 1881 1751 1924 libri.

209 1947 282 1990 Ex
317 1962 437 1990 nouo
477 1954 628 1990 autem
671 1948 778 1990 nihil
820 1949 1184 2003 praetermittitur,
1218 1956 1381 2004 praeter
1419 1950 1752 2005 Apocalypfim,

206 2015 328 2057 cuius
360 2016 624 2071 principium
656 2023 831 2059 tantum
864 2017 1024 2071 legitur
1054 2017 1161 2071 quin
1198 2017 1347 2071 potius
1383 2017 1576 2071 epistolae
1615 2019 1751 2071 Pauli,

206 2097 307 2126 cum
339 2085 575 2134 canonicis,
607 2091 652 2127 et
685 2083 795 2127 actis
829 2085 1128 2140 apostolorum
1163 2092 1430 2140 repetuntur.
1493 2086 1568 2128 Ex
1602 2086 1752 2130 lecffio-

208 2153 336 2195 nibus
369 2155 487 2196 enim
521 2155 669 2204 ternis,
698 2169 798 2210 quae
833 2155 1009 2210 singulis
1042 2156 1198 2199 diebus
1231 2157 1368 2197 totius
1401 2158 1504 2198 anni
1534 2157 1753 2212 leguntur,

207 2223 349 2278 prima
376 2224 436 2266 est
465 2238 523 2266 ex
553 2226 690 2267 veteri
720 2225 999 2274 testamento,
1026 2225 1214 2267 secunda
1242 2240 1301 2267 ex
1332 2239 1460 2278 nouo,
1489 2241 1577 2281 qua
1605 2234 1750 2270 totum

207 2292 346 2347 ipsum
386 2294 602 2349 (dempta,
634 2301 682 2337 vt
723 2296 935 2345 diximus,
973 2302 1098 2350 parte
1140 2295 1456 2350 Apocalypsis)
1496 2297 1750 2348 absoluitur,

207 2362 336 2404 tertia
371 2376 430 2404 ex
467 2363 644 2405 historia
680 2362 828 2415 sanai,
863 2364 889 2405 s1
927 2365 1050 2406 cuius
1088 2364 1243 2407 festum
1276 2365 1534 2416 celebratur,
1567 2368 1686 2421 quod
1721 2367 1750 2409 si

209 2430 377 2473 nullum
419 2431 558 2482 suerit,
593 2433 891 2487 apostolorum
925 2432 1038 2483 afta,
1071 2440 1115 2475 et
1152 2434 1346 2488 epistolae
1387 2436 1518 2477 tertia
1558 2434 1750 2479 lectione

209 2507 466 2555 repetuntur
485 2503 641 2544 ordine
662 2509 818 2545 notato
840 2504 883 2544 in
906 2503 1171 2546 calendario.

294 2572 339 2618 11
377 2570 562 2626 Propter
594 2571 932 2614 inconstantiam
967 2573 1181 2627 temporis
1218 2573 1448 2627 paschatis,
1481 2581 1526 2616 et
1562 2574 1749 2618 aliorum

209 2635 425 2688 festorum,
455 2653 556 2694 quae
588 2640 771 2682 mobilia
801 2642 1020 2691 dicuntur,
1052 2641 1143 2682 fieri
1177 2655 1266 2683 non
1303 2643 1460 2697 potuit,
1492 2649 1539 2685 vt
1575 2644 1749 2698 regulas

207 2706 389 2748 omnino
410 2707 661 2758 vitaremus,
677 2722 865 2763 quarum
887 2715 981 2751 tam
1004 2710 1186 2764 plenum
1210 2717 1303 2752 erat
1325 2712 1445 2765 prius
1467 2712 1748 2761 breuiarium,

208 2778 256 2815 vt
283 2774 360 2816 vix
390 2782 499 2818 aetas
531 2776 722 2818 hominis
755 2778 811 2819 ad
844 2792 994 2819 earum
1027 2779 1243 2821 rationem
1274 2780 1606 2834 perdiscendam
1638 2782 1750 2823 suffi-

208 2849 336 2891 ceret,
368 2843 439 2886 sed
472 2858 552 2887 nos
583 2852 676 2888 tam
709 2860 838 2896 raras,
870 2853 915 2889 et
948 2848 1198 2902 perspicuas
1235 2849 1409 2903 regulas
1445 2850 1751 2904 disposuimus,

209 2914 255 2951 vt
276 2924 350 2953 eas
372 2913 510 2955 cuiuis
532 2913 660 2957 sacile
682 2914 730 2957 snt
753 2915 1009 2970 intelligere.

817 3052 825 3072 ¹
854 3054 1068 3091 nominibus
1092 3057 1161 3092 ιΑ.
