2066 3392
266 181 343 233 178

259 272 444 314 haeresis
486 279 591 314 tunc
633 273 830 314 maxime
881 273 924 313 in
966 273 1071 314 vrbe

265 332 411 372 Roma
430 330 735 372 inualescebat.
782 330 956 384 Quibus
974 344 1069 383 per-

262 387 371 430 mstis
419 389 658 430 Maximini
706 388 814 429 iussu
855 388 1070 442 martyrio

261 453 497 488 coronatus
518 447 590 487 via
612 446 765 500 Appia
788 446 1004 499 sepelitur,
1027 445 1070 486 in

263 505 412 547 Calisti
445 504 712 546 Coemeterio
738 504 820 556 ,iiij.
851 504 949 545 idus
983 503 1072 544 De-

263 563 461 603 cembris
495 562 609 603 Cum
627 576 685 602 ex
703 562 830 602 sacris
844 562 1072 603 ordinibus

263 620 392 661 semel
443 620 605 661 habitis
657 619 936 673 presbyteros
987 620 1070 672 .vij.

263 679 473 719 diaconos
492 677 557 730 .vj.
581 677 807 731 episcopos
825 677 911 730 .xij.
935 677 1070 718 creas-

266 736 337 778 set.
393 736 519 778 Sedit
542 742 692 776 autem
716 749 856 776 annos
878 741 1071 791 quatuor

264 794 432 835 menses
454 793 535 847 .vij.
560 794 655 834 dies
676 793 746 834 ‚ix.

260 934 304 979 {I
357 929 580 982 Damasus
649 935 767 983 papa
837 927 1068 983 confefforfl

534 986 681 1028 LeHz'o
702 985 796 1041 227².

269 1073 545 1156 DAmasus
571 1087 688 1127 papa
717 1073 897 1114 natione
927 1073 1069 1128 hispa-

383 1145 475 1182 nus,
499 1132 574 1186 qui
606 1131 765 1172 Iuliani
792 1131 1070 1185 imperatoris

263 1196 465 1243 tempore
526 1189 702 1243 praefuit
766 1189 967 1239 eccleslae,
1025 1190 1068 1230 in

264 1248 442 1300 publico
460 1247 647 1288 concilio
665 1246 867 1301 adulterij
893 1247 1067 1289 causam

263 1305 391 1356 dixit,
425 1311 469 1346 et
498 1306 708 1346 innocens
742 1305 965 1347 absolutus
995 1305 1067 1356 est,

266 1363 516 1405 Concordio
539 1370 672 1417 atque
691 1363 853 1406 Calisto
870 1364 1069 1405 diaconis

262 1420 607 1463 accusatoribus³
628 1421 863 1471 damnatis,
885 1422 961 1475 qui
990 1421 1069 1463 sal-

263 1479 355 1520 sum
385 1481 549 1521 crimen
579 1478 861 1528 detulerant⁴,
889 1479 1068 1533 lataque

262 1535 371 1590 lege,
388 1544 435 1578 vt
457 1537 500 1578 in
523 1537 742 1591 posterum
765 1537 855 1578 falfi
875 1538 1069 1578 criminis

262 1595 481 1637 delatores
523 1609 704 1649 poenam
746 1595 924 1636 talionis
971 1595 1068 1637 sub-

263 1653 384 1695 irent.
440 1653 528 1694 Hic
544 1654 641 1694 ocio
664 1653 854 1694 literario
877 1652 1067 1695 (161εὸὶᾶ-

262 1721 332 1752 tus
348 1725 414 1752 res
429 1711 569 1764 gestas
584 1711 782 1752 omnium
798 1711 1066 1765 superiorum

263 1769 522 1822 pontificum
541 1768 664 1818 libro,
677 1782 809 1822 quem
827 1769 883 1810 ad
909 1769 1067 1810 Hiero-

264 1841 448 1880 nymum
472 1827 595 1877 misit,
612 1827 838 1867 memoriae
861 1827 1067 1880 prodidit.

262 1885 452 1938 Templa
469 1890 513 1926 et
527 1884 694 1926 cultum
710 1885 911 1925 diuinum
926 1886 1066 1927 auxit.

264 1943 465 1984 Basilicas
497 1944 608 1984 duas
640 1943 852 1992 condidit,
882 1942 1066 1984 alteram

263 2001 304 2041 in
342 2001 554 2042 honorem
590 2001 680 2042 diui
715 2000 941 2054 Laurentij
979 2015 1067 2042 non

263 2059 394 2112 longe
411 2058 437 2100 a
452 2059 627 2100 theatro
645 2059 914 2112 pompeiano
932 2073 1066 2112 quam

263 2117 421 2167 fundis,
492 2116 783 2170 domibusque
853 2117 1068 2167 dotatam,

263 2175 434 2228 magnis
476 2188 654 2228 quoque
696 2174 949 2216 muneribus
990 2189 1068 2216 ex-

261 2233 445 2273 ornauit.
509 2232 694 2273 alteram
717 2231 788 2273 via
819 2231 1067 2274 Ardeatina

262 2290 318 2330 ad
360 2290 686 2331 cathacumbas.
750 2290 988 2332 Dedicauit
1024 2297 1068 2332 et

264 2348 512 2389 Platoniam
546 2348 618 2389 vbi
651 2362 836 2402 corpora
870 2348 985 2389 Petri
1023 2355 1067 2390 et

263 2406 385 2447 Pauli
424 2406 664 2459 aliquando
701 2407 936 2447 iacuerant.
974 2420 1067 2447 ver-

262 2463 374 2504 fibus
391 2478 569 2518 quoque
587 2463 865 2517 elegantibus
882 2478 1066 2518 corpora

263 2522 322 2562 ibi
346 2521 514 2575 sepulta
532 2521 782 2563 celebrauit.
838 2522 935 2575 Ipse
953 2536 1064 2575 prae-

260 2586 381 2620 terea
412 2579 608 2628 instituit,
640 2586 687 2620 vt
724 2579 878 2633 psalmi
910 2580 954 2620 in
997 2593 1065 2620 ec-

261 2637 386 2678 clesia
401 2637 653 2678 alternatim
669 2643 940 2684 canerentur,
957 2643 1000 2678 et
1021 2638 1063 2678 in

263 2695 349 2735 fine
389 2695 596 2748 cuiusque
641 2695 872 2744 diceretur,
914 2694 1065 2736 Gloria

262 2753 387 2806 patri,
418 2759 462 2794 et
494 2753 598 2802 filio,
625 2759 668 2794 et
700 2753 865 2806 spiritui
899 2751 1060 2794 sancto.

331 2866 342 2888 ¹
369 2867 430 2902 die
449 2876 515 2901 .11.
536 2867 576 2901 in
594 2878 641 2901 m.
660 2878 729 2901 om.
749 2868 791 2902 A.

331 2914 344 2935 2
369 2914 491 2948 Lec‘Zz‘o
508 2914 579 2957 z'z’zj.
602 2915 640 2947 P.

330 2961 343 2981 ³
369 2961 597 2995 accusatorio
618 2973 624 2994 :
645 2961 682 2995 P.

329 3007 342 3028 ⁴
369 3007 580 3043 detulerunt
599 3020 605 3042 :
628 3008 665 3042 P.

953 193 1026 225 DE
1032 194 1059 225 C
1061 193 1093 225 E
1096 193 1206 225 MBE
1210 194 1252 225 R.

1140 272 1291 325 thue
1332 271 1375 312 in
1413 271 1629 326 principio
1671 271 1805 313 missae
1839 285 1942 313 con-

1142 329 1258 370 fessio
1300 329 1518 370 diceretur
1563 329 1942 383 quemadmodum

1141 394 1184 428 et
1200 387 1331 428 hodie
1347 387 1407 428 fit.
1443 388 1530 428 Hic
1545 388 1712 441 primus
1730 388 1943 440 interpre-

1140 445 1298 486 tationi
1343 444 1608 498 Hieronymi
1650 445 1779 486 sacrae
1813 444 1942 498 scrip-

1140 508 1250 543 turae
1292 500 1599 544 auc‘toritatem
1633 504 1768 545 dedit.
1829 502 1943 544 Cum

1141 566 1290 601 autem
1314 560 1505 602 sedisset⁵
1526 574 1666 601 annos
1689 561 1796 602 .xix.
1820 573 1942 601 men—

1142 618 1205 659 ses
1235 618 1305 671 .iij.
1326 618 1421 659 dies
1446 618 1519 671 .xj.
1543 619 1726 659 moritur
1752 617 1821 671 .iij.
1844 618 1941 659 idus

1141 676 1402 717 Decembris
1423 690 1474 717 ac
1492 676 1695 730 sepelitur
1711 677 1782 717 via
1799 675 1942 717 Arde·

1139 734 1261 774 atina
1303 747 1402 776 cum
1447 741 1588 775 matre
1630 741 1674 775 et
1715 733 1857 775 sorore
1898 733 1942 774 in

1139 792 1325 843 basilica,
1346 805 1481 846 quam
1505 792 1594 846 ipse
1615 792 1884 834 condiderat.

1461 912 1622 954 Oratio.

1148 998 1380 1081 EXaudi
1394 998 1575 1039 domine
1591 1012 1744 1052 preces
1758 997 1942 1039 nostras:

1258 1062 1302 1097 et
1334 1056 1655 1097 interueniente
1685 1054 1818 1097 beato
1850 1056 1942 1097 Da-

1139 1113 1526 1156 maso.consessore
1555 1120 1633 1155 tuo
1665 1120 1801 1168 atque
1833 1127 1942 1168 pon-

1138 1171 1255 1212 tifice
1311 1187 1319 1212 :
1375 1172 1717 1226 supplicationes
1774 1171 1942 1213 nostras

1138 1229 1339 1283 placatus
1362 1230 1544 1272 intende
1568 1245 1575 1271 :
1597 1244 1675 1284 per
1696 1230 1940 1271 dominum.

1138 1339 1183 1385 {I
1227 1337 1366 1378 Lucia
1406 1337 1530 1392 virgo
1576 1344 1749 1390 martyr
1789 1338 1945 1392 duplex

1301 1395 1457 1437 minus.
1520 1395 1661 1437 Lefft’io
1684 1393 1780 1450 aij(

1147 1479 1304 1564 Ucia
1340 1482 1464 1535 virgo
1506 1481 1747 1523 siracusana
1777 1481 1950 1524 nobilis.

1269 1540 1440 1593 generis
1483 1545 1526 1580 et
1558 1541 1748 1594 egregiae
1781 1539 1839 1581 ab
1875 1541 1940 1581 in-

1138 1596 1277 1638 fantia
1313 1597 1504 1651 pietatiS,
1538 1611 1638 1638 cum
1675 1604 1816 1639 matre
1850 1598 1940 1639 Eu-

1138 1655 1247 1704 titia,
1261 1669 1360 1708 quae
1376 1654 1547 1695 fluxum
1566 1655 1786 1709 sanguinis
1801 1657 1940 1709 patie-

1136 1712 1278 1761 batur,
1300 1713 1523 1766 religionis
1544 1714 1688 1766 gratia
1706 1713 1938 1763 Catanam,

1137 1770 1210 1811 vbi
1229 1768 1375 1811 sanfte
1391 1770 1587 1824 Agathae
1605 1785 1763 1825 corpus
1777 1785 1940 1825 magna

1139 1827 1389 1869 Siculorum
1440 1829 1724 1870 veneratione
1769 1829 1937 1879 colitur,

1139 1887 1350 1939 peruenit,
1404 1892 1448 1928 et
1495 1886 1595 1927 fufis
1640 1887 1696 1928 ad
1742 1886 1938 1941 Agathae

1138 1943 1414 1997 sepulchrum
1446 1945 1660 1998 precibus,
1691 1944 1775 1986 hac
1803 1945 1939 1986 inter-

1138 2002 1325 2043 cedente
1376 2002 1631 2056 impetrauit
1676 2001 1703 2043 a
1752 2002 1848 2053 deo,
1889 2010 1938 2044 vt

1140 2059 1356 2101 Eutitiam
1389 2060 1568 2102 sanaret.
1630 2060 1758 2101 Tunc
1799 2061 1938 2102 Lucia

1138 2123 1326 2158 matrem
1352 2117 1503 2159 multis
1531 2118 1733 2172 precibus
1766 2125 1936 2166 exorat,

1137 2181 1185 2216 vt
1207 2175 1452 2225 facultates,
1474 2189 1585 2230 quas
1607 2176 1682 2217 fibi
1709 2176 1814 2217 dare
1835 2190 1937 2217 con-

1138 2232 1335 2274 stituerat
1376 2234 1555 2274 nomine
1597 2234 1726 2283 dotis,
1758 2247 1859 2275 cum
1897 2234 1939 2276 se

1138 2291 1315 2332 cuidam
1352 2291 1499 2332 iuueni
1533 2291 1837 2345 despondisset,
1864 2291 1939 2333 fibi

1137 2348 1212 2390 suo
1264 2349 1477 2390 arbitratu
1523 2349 1805 2391 collocandas
1849 2355 1937 2391 tra-

1137 2407 1271 2448 deret.
1334 2407 1448 2449 Cum
1472 2407 1605 2461 igitur
1627 2406 1848 2449 siracusas
1870 2421 1934 2448 re-

1137 2463 1309 2516 dijsset⁷,
1334 2465 1473 2506 Lucia
1499 2478 1653 2506 omnes
1682 2465 1777 2506 suas
1799 2464 1936 2506 facul-

1135 2528 1251 2563 tates
1277 2522 1490 2572 vendidit,
1511 2528 1556 2563 et
1587 2523 1798 2576 pecunias
1828 2536 1935 2577 pau-

1135 2580 1312 2633 peribus
1371 2579 1599 2621 distribuit.
1677 2579 1810 2633 Quod
1861 2580 1935 2621 vbi

1136 2637 1314 2691 sponsus
1375 2638 1468 2679 eius
1529 2637 1710 2686 resciuit,
1770 2635 1935 2679 fabium

1135 2696 1362 2748 aegerrime
1384 2695 1539 2745 ferens,
1552 2696 1608 2736 ad
1626 2695 1743 2736 vrbis
1757 2695 1935 2749 praesec-

1134 2759 1229 2794 tum
1266 2753 1538 2794 Paschafium
1572 2753 1714 2794 defert
1750 2753 1934 2794 Luciam

1203 2868 1217 2889 ⁵
1242 2868 1332 2903 sedit
1352 2881 1359 2903 :
1380 2870 1418 2903 P.

1203 2915 1217 2936 ⁶
1243 2916 1304 2950 die
1321 2926 1387 2959 .13.
1407 2916 1448 2949 in
1467 2928 1514 2950 m.

1203 2961 1215 2983 ⁷
1242 2963 1428 3007 redijssent
1449 2975 1454 2997 :
1476 2963 1518 2997 R.
1541 2964 1578 2996 P.
1598 2963 1641 2996 A.
