2066 3392
1018 246 1148 287 xxxii

313 596 323 616 ¹
392 600 565 642 Ndreas
597 599 743 649 Gritti,
769 599 853 640 Dei
879 599 1023 653 gratia
1047 600 1156 640 Dux
1178 599 1468 640 Venetiarum
1492 605 1571 641 etc.
1632 597 1855 640 Vniuerfis

441 675 486 710 et
516 669 692 723 fingulis
724 675 816 709 tam
850 669 1175 722 magistratibus
1201 668 1329 709 huius
1355 669 1474 709 vrbis
1496 668 1651 709 nostrae
1672 667 1856 709 Veneti-

310 750 435 778 arum
458 738 515 778 ad
537 751 649 791 quos
670 737 842 784 attinet,
861 751 995 790 quarn
1015 736 1321 787 Potestatibus,
1339 737 1606 791 Capitaneis,
1623 735 1857 777 Prouisori-

312 806 405 853 bus,
429 812 473 847 et
499 806 597 859 alijs
621 804 886 847 Reffitoribus
916 807 1113 847 omnium
1147 812 1373 855 terrarum,
1395 812 1439 847 et
1467 806 1663 847 locorum
1692 805 1856 846 nostro-

312 888 422 925 rum,
443 875 715 925 officialibus,
737 882 780 916 et
810 875 1015 917 ministris
1041 875 1196 916 nostris
1223 875 1423 929 publicis,
1444 875 1680 928 praesentes
1707 874 1856 915 literas

311 941 567 997 inspeeturis
620 944 944 997 significamus.
1029 943 1162 998 Quod
1214 957 1314 985 cum
1358 944 1504 985 Lucas
1541 943 1770 985 Antonius
1811 948 1857 984 et

314 1011 578 1053 Benedictus
601 1011 756 1053 zonta²
775 1013 1058 1066 Impressores
1076 1013 1418 1067 supplicauerint
1440 1013 1567 1054 nobis
1589 1013 1651 1053 eis
1673 1011 1856 1053 concedi

312 1088 360 1122 vt
404 1082 678 1122 Breuiarium
722 1082 991 1131 Romanum,
1034 1083 1155 1136 quod
1198 1082 1371 1123 nouiter
1411 1095 1489 1136 per
1530 1079 1855 1123 Sanfflffimum

314 1149 572 1191 Pontificem
616 1151 917 1191 reordinatum
960 1150 1020 1191 est
1062 1164 1163 1191 cum
1207 1151 1333 1207 nouis
1375 1151 1571 1199 rubricis,
1606 1157 1652 1192 et
1701 1151 1857 1191 ordine

314 1218 502 1259 breuiori
525 1218 663 1267 solito,
683 1218 830 1259 nullus
860 1219 983 1268 alius,
1007 1219 1081 1259 nifi
1105 1217 1344 1272 supradiGti
1371 1219 1668 1273 supplicantes
1699 1219 1857 1272 possint

313 1287 422 1327 illud
455 1287 717 1340 imprimere,
738 1294 814 1328 aut
844 1288 946 1328 alibi
980 1287 1232 1341 impressum
1263 1288 1306 1328 in
1335 1287 1450 1329 hanc
1481 1287 1635 1328 vrbem
1664 1286 1856 1328 nostram

315 1357 604 1397 Venetiarum
620 1364 663 1397 et
687 1358 729 1397 in
747 1363 892 1398 totum
917 1358 1178 1398 Dominium
1202 1357 1393 1399 nostrum
1417 1358 1668 1411 importare,
1686 1370 1738 1398 ac
1754 1369 1858 1398 ven-

313 1427 416 1467 dere
439 1439 516 1479 per
537 1440 679 1466 annos
701 1427 867 1475 decem,
886 1426 963 1467 sub
986 1440 1120 1480 poena
1143 1427 1357 1480 perdendi
1380 1428 1531 1467 omnia
1547 1439 1694 1480 opera,
1712 1431 1756 1467 et
1777 1425 1859 1467 sol—

316 1495 448 1536 uendi
464 1495 650 1535 ducatos
664 1496 832 1545 decern,
845 1510 926 1549 pro
943 1496 1141 1550 quolibet
1156 1495 1392 1546 volumine,
1407 1496 1531 1537 cuius
1547 1509 1695 1549 poenae
1710 1495 1754 1536 in
1769 1501 1858 1536 tres

316 1569 463 1616 partes
485 1563 634 1604 diuisae
658 1565 788 1604 tertia
812 1578 913 1618 pars
935 1564 1019 1605 esse
1040 1564 1203 1606 debeat
1225 1565 1316 1606 eius
1340 1564 1618 1619 magistratus
1635 1564 1709 1605 ubi
1727 1563 1859 1606 saciet

316 1632 629 1673 executionem
653 1639 808 1672 contra
830 1633 1154 1686 delinquentes,
1175 1633 1314 1675 altera
1336 1635 1467 1675 tertia
1489 1647 1590 1687 pars
1612 1633 1860 1687 applicetur

318 1701 521 1755 hospitali
544 1702 736 1754 pietatis,
760 1708 803 1742 et
826 1703 956 1743 tertia
977 1716 1079 1756 pars
1102 1703 1149 1744 sit
1168 1703 1441 1751 accusatoris,
1465 1717 1564 1743 cum
1587 1703 1860 1757 obligatione

316 1771 434 1824 quod
470 1771 513 1811 in
548 1771 739 1811 termino
773 1772 902 1812 vnius
935 1772 1040 1812 anni
1074 1769 1243 1813 diffitum
1278 1772 1552 1812 Breuiarium
1586 1772 1859 1826 imprimant,

323 1839 420 1879 Hos
442 1852 542 1879 cum
567 1838 743 1879 confilio
765 1838 910 1880 nostro
935 1839 1212 1892 Rogatorum
1237 1840 1323 1880 Die
1344 1840 1431 1893 ‚xij.
1454 1839 1680 1893 praesentis
1703 1839 1860 1881 mensis

318 1905 540 1962 praediffls
570 1907 919 1961 supplicantibus
949 1909 1230 1949 concesslmus
1253 1915 1470 1962 quantum
1493 1897 1725 1962 petierunt,
1749 1909 1859 1950 Ideo

319 1977 582 2017 mandamus
619 1976 746 2017 vobis
782 1977 990 2017 omnibus
1028 1977 1338 2031 suprascriptis,
1373 1983 1417 2018 et
1454 1977 1634 2018 cuilibet
1668 1976 1858 2018 vestrum

319 2044 583 2087 auetoritate
619 2045 813 2086 eiusdem
857 2045 1031 2099 Confilij
1074 2045 1362 2099 Rogatorum.
1424 2046 1486 2087 Vt
1519 2046 1632 2086 hanc
1666 2045 1858 2087 nostram

318 2115 646 2164 concesfionem‚
670 2121 713 2155 et
742 2115 943 2167 gratiam,
966 2115 1009 2155 in
1036 2115 1242 2155 omnibus
1269 2120 1399 2168 prout
1431 2114 1766 2168 suprascriptum
1798 2114 1859 2156 est

317 2182 568 2232 obseruetis,
588 2189 631 2223 et
648 2181 866 2223 obseruari
883 2182 1053 2224 faciatis
1074 2182 1403 2224 Inuiolabiliter.
1467 2182 1636 2224 Datum
1651 2183 1694 2223 in
1713 2182 1859 2224 nostro

321 2250 479 2292 Ducali
490 2250 670 2291 Palatio.
706 2251 791 2291 Die
805 2265 888 2291 .Xv.
907 2250 1077 2304 Aprilis
1097 2249 1348 2292 Indictione
1362 2249 1530 2292 oetaua.
1575 2260 1612 2291 M
1629 2260 1662 2291 D
1679 2260 1828 2292 XXXV.

390 2437 402 2459 1
421 2438 505 2472 Hoc
511 2437 767 2483 priuilegium
794 2439 1028 2473 Venetz‘arzcm
1046 2440 1168 2475 Ducis
1184 2440 1442 2475 tantummodo
1459 2441 1499 2474 z'n
1516 2439 1677 2475 editione
1702 2441 1862 2488 Venetzjr

321 2485 491 2531 imprcjffa
510 2486 715 2519 invenitur.

390 2531 403 2550 2
428 2539 536 2566 zonta
557 2544 564 2566 ;
585 2533 638 2566 sic
656 2532 695 2566 in
713 2532 869 2578 ongine.
