2066 3392
254 184 331 226 152
921 182 1239 215 SEPTEMBER.

252 266 371 307 mine
405 263 658 307 veneranda
695 261 906 304 festiuitas
948 259 1057 302 salu-

252 325 358 366 taris
399 322 551 376 auxilij
601 322 729 363 nobis
775 319 951 374 praestet
995 317 1056 359 ef-

252 380 418 424 sectum
443 395 452 423 :
475 395 554 435 per
575 380 819 422 dominum.

492 469 637 511 Lefft’z‘o
660 468 788 511 tertia
800 467 822 509 ¹.

261 547 489 629 IOannes
531 544 646 585 filius
692 542 906 584 zachariae
954 554 1055 582 cum

336 602 502 645 sac‘tum
534 602 639 643 esset
670 601 853 642 verbum
888 599 1070 640 domini-

255 663 382 716 super
414 660 553 715 ipsum
587 660 629 699 in
663 658 844 707 deserto,
877 657 1057 698 indutus

253 720 516 762 vestimento
533 731 591 758 ex
610 717 708 771 pilis
726 714 997 756 camelorum·
1014 720 1059 755 et

255 792 367 819 zona
390 776 584 830 pellicea,
606 775 729 815 venit
750 775 793 814 in
818 773 1057 826 regionem,

254 849 390 889 quam
451 833 648 875 interluit
710 831 925 881 Iordanis,
981 830 1055 871 vbi

255 892 450 935 Christus
491 892 548 932 ab
589 904 642 931 eo
686 889 937 943 baptizatus
984 887 1056 935 est,

253 951 500 1005 praedicans
533 948 800 1001 baptismum
839 947 1057 1000 poeniten-

254 1010 340 1058 tiae,
367 1015 411 1049 et
442 1007 730 1048 remissionem
763 1010 1058 1058 peccatorum.

256 1066 551 1108 Existimante
574 1070 723 1105 autem
742 1063 922 1116 populo,
938 1062 1057 1115 quod

255 1125 344 1179 ipse
366 1124 469 1164 esset
494 1122 700 1171 Christus,
717 1121 832 1162 dixit
858 1121 1059 1168 Ioannes,

257 1185 356 1236 Ego
391 1182 571 1235 quidem
606 1193 722 1233 aqua
755 1179 935 1233 baptizo
968 1191 1058 1226 VOS,

255 1241 403 1282 veniet
439 1245 588 1279 autem
626 1237 780 1278 fortior
816 1251 898 1286 me,
935 1236 1058 1276 cuius

257 1313 345 1340 non
389 1297 480 1338 sum
522 1297 683 1350 dignus
721 1295 887 1335 soluere
928 1294 1058 1334 corri-

255 1357 376 1410 giam
406 1353 698 1402 calciamenti,
729 1353 817 1406 ipse
845 1367 924 1393 vos
951 1351 1059 1404 bap-

256 1415 411 1455 tizabit
434 1414 475 1453 in
508 1412 656 1465 spiritu
687 1409 848 1459 sancto,
873 1416 917 1451 et
947 1410 1059 1463 igne.

261 1471 464 1513 Herodes
506 1476 656 1511 autem
698 1468 918 1510 tetrarcha
965 1481 1059 1508 cor-

257 1536 407 1583 reptus
435 1529 490 1569 ab
521 1527 607 1576 illo,
629 1541 728 1567 cum
759 1532 939 1580 propter
967 1526 1060 1565 eius

257 1588 343 1628 alia
366 1586 536 1634 scelera,
558 1591 652 1626 tum
675 1584 779 1638 quia
803 1583 1061 1624 Herodiade

257 1659 396 1686 vxore
425 1643 569 1684 fratris
599 1643 659 1683 sui
689 1656 766 1696 per
794 1641 1059 1682 adulterium

258 1703 536 1748 abutebatur,
586 1700 774 1741 coniecit
826 1699 964 1753 ipsum
1017 1699 1060 1738 in

257 1760 443 1801 vincula.
506 1759 638 1800 Vnde
676 1758 773 1798 suos
810 1757 898 1811 ipse
938 1756 1062 1797 disci-

258 1819 386 1872 pulos
416 1817 527 1858 mifit
556 1817 612 1857 ad
644 1816 799 1864 Iesum,
827 1815 901 1868 qui
931 1815 1063 1855 inter-

259 1881 478 1930 rogarent,
507 1874 622 1922 esset,
650 1887 704 1914 ne
737 1873 819 1922 ille,
851 1873 925 1926 qui
957 1886 1061 1913 ven-

258 1941 382 1975 turus
400 1934 516 1981 esset,
532 1946 587 1972 an
606 1929 918 1985 expefitaretur
939 1930 1061 1971 alius.

261 1991 456 2034 Christus
478 1996 627 2031 autem
651 2003 798 2030 coram
823 1989 921 2042 ipsis
950 1988 1061 2029 mul-

258 2051 316 2091 tis
360 2047 680 2102 aegrotantibus
726 2047 899 2096 curatis,
940 2046 1063 2087 iubet

259 2122 335 2149 eos
362 2121 462 2161 quae
483 2106 696 2154 vidissent,
720 2105 878 2145 Ioanni
904 2118 1062 2145 renun-

258 2166 384 2207 ciare.
448 2165 507 2205 Et
529 2164 596 2204 his
625 2163 890 2204 abeuntibus
921 2162 1062 2203 multa

261 2225 303 2264 in
328 2223 504 2264 laudem
531 2222 710 2262 Ioannis
740 2221 961 2275 praefatus,
985 2221 1061 2260 ad-

261 2282 373 2331 iecit,
417 2281 531 2321 Dico
581 2280 707 2320 vobis
759 2279 900 2318 maior
950 2279 1064 2318 inter

262 2346 388 2380 natos
408 2338 642 2378 mulierum
657 2337 875 2390 propheta
894 2336 1063 2377 Ioanne

260 2396 449 2450 baptista
464 2409 550 2436 non
565 2395 636 2436 est.
673 2394 786 2436 Cum
802 2400 950 2435 autem
969 2395 1063 2435 dies

260 2454 420 2495 natalis
446 2453 640 2493 Herodis
666 2459 881 2505 ageretur,
902 2458 946 2492 et
971 2452 1063 2492 He-

259 2512 454 2553 rodiadis
469 2511 558 2551 filia
575 2511 821 2563 tripudians
839 2510 1063 2563 placuisset

262 2570 445 2618 Herodi,
468 2569 574 2609 iussa
604 2568 664 2608 est
687 2568 743 2608 ab
766 2582 831 2616 eo,
852 2568 1062 2620 quicquid

258 2627 392 2668 vellet
428 2633 594 2680 optare,
628 2627 735 2666 dato
772 2626 1063 2676 iureiurando,

260 2685 301 2726 se
324 2683 431 2725 nihil
454 2685 492 2724 ei
515 2690 789 2737 negaturum.
856 2683 938 2724 Illa
959 2697 1063 2724 vero

259 2742 285 2783 a
308 2749 448 2783 matre
466 2742 712 2791 subornata,
730 2746 864 2794 caput
883 2741 1063 2781 Ioannis

260 2801 303 2840 in
327 2800 444 2840 disco
467 2799 541 2840 fibi
572 2800 664 2839 dari
696 2798 905 2852 poposcit.
970 2799 1063 2839 He-

261 2859 388 2898 rodes
425 2858 558 2910 igitur
586 2857 746 2910 partim
776 2862 956 2910 propter
985 2856 1063 2897 ius-

413 2992 425 3014 1
453 2992 511 3026 die
532 3002 583 3037 29.
605 2992 645 3026 in
664 3002 710 3025 m.

951 2990 963 3012 ²
990 2992 1063 3027 Die
1082 3003 1100 3037 3
1120 2994 1160 3028 in
1179 3005 1224 3027 m.

1124 258 1370 308 iurandum,
1384 270 1656 311 quamquam
1670 256 1818 298 iustius
1832 261 1926 298 erat

1124 323 1290 357 temere
1311 317 1467 357 datum
1490 328 1577 356 non
1595 314 1811 368 praestare,
1826 327 1927 368 par-

1123 374 1205 415 tim
1242 387 1297 414 ne
1333 373 1401 414 his
1436 374 1511 427 qui
1546 373 1732 414 aderant
1770 371 1927 413 leuiter

1125 445 1288 485 negare
1338 431 1569 481 videretur,
1612 430 1733 484 quod
1785 429 1923 483 ipsum

1124 489 1206 530 fuit
1224 489 1392 530 summa
1409 488 1577 538 leuitas,
1595 487 1754 542 puellae
1771 487 1927 528 annuit

1124 547 1301 600 optatis.
1334 546 1631 599 abscisumque
1665 545 1844 586 Ioannis
1881 545 1926 585 in

1123 619 1295 646 carcere
1309 611 1441 658 caput
1456 605 1655 657 protinus
1668 603 1728 644 est
1741 602 1925 644 allatum

1123 663 1166 704 in
1191 663 1319 711 disco,
1335 668 1379 703 et
1401 661 1561 715 puellae
1583 661 1748 702 datum.
1791 659 1927 714 Quod

1124 720 1199 761 illa
1249 720 1394 761 statim
1445 719 1629 761 tradidit
1679 717 1926 759 Herodiadi

1125 779 1266 819 matri.
1322 778 1494 831 Corpus
1515 783 1666 818 autem
1687 776 1780 818 eius
1802 775 1926 817 disci-
1955 830 1960 834 -

1125 836 1215 891 puli
1238 835 1508 890 sepelierunt.

1362 958 1407 1003 ([
1434 955 1685 1009 September.

1184 1050 1229 1096 ΙΙ
1270 1047 1485 1101 seraphia
1526 1047 1649 1099 viJgro
1689 1052 1866 1099 margyr.

1355 1105 1498 1146 Lec‘lio
1520 1102 1678 1146 tertz'a².

1130 1179 1190 1263 S
1202 1178 1395 1233 Eraphia
1411 1180 1533 1233 virgo
1547 1178 1812 1220 antiochena
1825 1190 1926 1218 cum

1227 1237 1427 1278 Adriano
1445 1238 1710 1291 imperatore
1734 1237 1924 1277 Romam

1125 1295 1316 1345 venisset,
1339 1295 1381 1335 in
1408 1295 1543 1336 domo
1571 1295 1714 1336 beatae
1747 1294 1926 1336 Sabinae

1126 1353 1344 1394 diuersata
1377 1353 1448 1399 est,
1483 1354 1759 1406 eandemque
1790 1351 1846 1392 ad
1877 1351 1927 1392 fi-

1126 1412 1227 1452 dem
1272 1410 1428 1453 Christi
1469 1411 1699 1452 conuertit.
1760 1409 1927 1463 Quam-

1126 1469 1280 1510 obrem
1319 1483 1345 1510 a
1387 1469 1567 1522 praeside
1608 1467 1770 1509 Berillo
1809 1474 1928 1508 com-

1126 1526 1348 1580 prehensa,
1389 1527 1445 1567 ad
1488 1527 1760 1579 deorumque
1803 1525 1929 1566 sacri-

1127 1585 1274 1625 ficium
1297 1582 1524 1638 producta,
1544 1585 1723 1637 negauit
1745 1583 1785 1624 se
1802 1583 1927 1624 alteri

1127 1656 1262 1696 quam
1301 1642 1472 1684 Christo
1514 1642 1769 1682 sacrificium
1806 1641 1926 1682 obla-

1127 1706 1272 1741 turam
1315 1715 1323 1740 :
1364 1700 1587 1740 affirmans
1636 1699 1676 1740 se
1725 1699 1783 1740 ob
1831 1712 1928 1753 per-

1128 1764 1310 1812 petuam
1351 1758 1661 1812 virginitatem,
1702 1771 1837 1811 quam
1888 1757 1927 1797 ei

1129 1821 1324 1864 vouerat‚
1355 1816 1572 1870 templum
1615 1815 1686 1857 dei
1717 1815 1806 1856 viui
1841 1814 1929 1855 sac-

1127 1880 1231 1915 tam.
1293 1874 1420 1914 Tunc
1472 1874 1639 1927 praeses,
1681 1879 1729 1914 vt
1779 1872 1931 1914 amissa

1129 1931 1342 1986 pudicitia
1382 1932 1599 1986 templum
1636 1932 1707 1972 dei
1739 1931 1823 1972 esse
1854 1931 1930 1971 de-

1129 1990 1295 2038 smeret,
1337 1990 1510 2030 duobus
1551 2003 1649 2030 eam
1697 1986 1931 2030 salacibus³

1129 2047 1361 2088 iuuenibus
1390 2046 1758 2102 constuprandam
1783 2046 1929 2087 tradit.

1131 2106 1219 2160 Qui
1261 2105 1507 2146 obscuriore
1548 2105 1752 2146 cubiculo
1793 2104 1930 2145 inclu—

1131 2164 1232 2212 sam,
1263 2177 1364 2204 cum
1406 2164 1520 2204 circa
1559 2164 1748 2217 primam
1789 2160 1932 2203 noc'tis

1129 2221 1284 2262 horam
1316 2221 1498 2274 aggredi
1530 2227 1748 2275 pararent,
1776 2225 1931 2261 orante

1129 2279 1299 2332 virgine
1351 2279 1492 2320 subito
1545 2279 1710 2319 lumine
1765 2278 1932 2319 circun-

1130 2336 1236 2386 falfi,
1277 2337 1395 2390 quasl
1447 2337 1677 2377 exanimes
1722 2335 1932 2377 membris

1131 2395 1339 2435 omnibus
1361 2394 1559 2435 resolutis
1582 2395 1625 2434 in
1648 2401 1810 2435 terram
1831 2407 1932 2448 pro-

1131 2452 1262 2502 strati,
1283 2458 1379 2493 tota
1400 2450 1530 2497 noc‘te
1553 2453 1780 2493 iacuerunt
1813 2465 1822 2492 :
1853 2452 1932 2492 do-

1131 2524 1211 2551 nec
1253 2510 1444 2563 praesldis
1492 2516 1649 2564 rogatu
1690 2509 1866 2550 fuerunt
1906 2508 1933 2550 a

1131 2568 1300 2622 virgine
1322 2568 1521 2608 oratione
1551 2568 1642 2608 susa
1667 2567 1839 2621 postera
1859 2567 1932 2608 die

1132 2626 1215 2666 suis
1238 2625 1402 2666 viribus
1426 2625 1608 2666 restituti
1632 2641 1640 2666 :
1662 2631 1707 2666 et
1734 2639 1834 2678 quae
1855 2624 1931 2665 fibi

1130 2683 1410 2737 contigerant
1431 2683 1602 2737 pra-:fidi
1632 2688 1931 2724 narrauerunt.

1133 2741 1222 2783 Sed
1246 2754 1347 2781 cum
1371 2741 1405 2781 is
1428 2739 1588 2782 cunEta
1618 2741 1801 2794 magicis
1830 2741 1934 2781 arti-

1130 2799 1212 2840 bus
1235 2799 1458 2847 tribueret,
1480 2797 1721 2839 addu&am
1751 2798 1826 2839 fibi
1847 2799 1932 2839 vir-

1130 2857 1291 2910 ginem,
1335 2863 1378 2898 et
1419 2856 1610 2897 vestibus
1653 2855 1884 2910 spoliatam
1923 2871 1932 2896 2

1485 2991 1498 3013 ³
1523 2991 1705 3027 salacibus
1729 3004 1736 3027 :
1757 2993 1795 3027 P.

2055 982 2066 997 Λ
2050 837 2066 964 *imment*-
