2066 3392
198 226 250 267 14
726 226 878 259 FERIA
910 226 987 269 ΨΥ.
1021 226 1093 258 AD
1123 226 1336 260 LAUDES.

254 307 339 348 Pro
390 305 624 360 iniquitate
668 305 760 347 vidi
806 306 998 348 tentoria

197 364 421 418 aethiopiae
467 380 475 405 :
515 364 815 406 turbabuntur
858 363 999 418 pelles

197 430 325 465 terrae
349 423 542 463 madian.

256 480 472 534 Nunquid
509 481 552 521 in
582 479 836 520 fluminibus
865 480 1001 520 iratus

198 553 245 580 es
278 537 492 580 domine?
543 544 619 579 aut
660 537 704 579 in
747 536 1001 578 fluminibus

197 596 317 638 furor
351 595 484 637 tuus?
524 595 595 638 vel
631 595 675 636 in
712 595 822 637 mari
859 595 1003 649 indig-

199 655 321 696 natio
343 653 451 695 tua?

259 711 346 766 Qui
362 711 569 753 ascendes
583 711 709 765 super
722 725 859 765 equos
876 716 976 752 tuos
994 725 1004 752 :

200 776 245 812 et
265 770 494 823 quadrigae
516 776 604 811 tuae
627 769 841 810 saluatio?

259 827 483 870 Suscitans
505 827 727 868 suscitabis
755 840 905 868 arcum
934 831 1003 867 tu-

199 899 275 927 um
316 901 324 927 :
364 886 612 927 iuramenta
652 884 865 935 tribubus,
903 898 1003 938 quae

201 944 375 985 locutus
397 957 455 985 es.

261 1002 442 1042 Fluuios
477 1000 645 1042 scindes
679 1006 806 1042 terrae
846 1000 1002 1042 :vide-

202 1066 304 1101 runt
341 1066 397 1108 te,
431 1065 476 1100 et
511 1059 749 1100 doluerunt
786 1065 961 1100 montes
996 1073 1004 1098 :

201 1131 363 1172 gurges
385 1131 600 1171 aquarum
622 1115 799 1170 tranfijt.

262 1175 399 1216 Dedit
435 1175 611 1229 abyssus
647 1187 802 1216 vocem
840 1173 960 1215 suam
999 1189 1007 1214 :

202 1233 392 1275 altitudo
414 1247 571 1274 manus
595 1232 690 1273 suas
713 1232 888 1273 leuauit.

262 1291 352 1340 Sol,
374 1297 417 1332 et
439 1291 543 1332 luna
572 1290 782 1332 steterunt
811 1291 854 1330 in
883 1290 1006 1331 habi-

202 1349 352 1391 taculo
385 1349 460 1390 suo
495 1363 504 1391 :
540 1349 584 1390 in
621 1349 717 1389 luce
750 1348 1005 1402 sagittarum

202 1414 380 1449 tuarum
415 1407 554 1455 ibunt,
587 1407 629 1448 in
663 1406 893 1461 splendore
927 1406 1007 1447 sul-

201 1466 401 1520 gurantis
422 1465 555 1506 hastae
577 1471 678 1506 tuae.

264 1524 316 1564 In
331 1523 507 1564 fremitu
522 1522 803 1564 conculcabis
821 1528 982 1564 terram
998 1537 1006 1563 :

204 1587 248 1623 et
271 1582 314 1622 in
337 1581 480 1622 furore
501 1580 821 1634 obstupefacies
837 1586 1005 1634 gentes.

265 1639 468 1693 Egressus
491 1653 536 1680 es
566 1639 609 1679 in
639 1638 822 1679 salutem
852 1638 1006 1692 populi

204 1698 280 1748 tui,
304 1698 349 1738 in
371 1697 554 1738 salutem
577 1710 677 1738 cum
700 1696 857 1737 christo
879 1702 967 1737 tuo.

265 1755 501 1797 Percuffisti
524 1761 658 1808 caput
679 1754 735 1795 de
760 1754 896 1795 domo
925 1754 1007 1794 im-

205 1814 264 1868 pij
286 1812 540 1855 :denudasti
559 1812 900 1853 fundamentum
915 1813 1008 1853 eius

206 1872 340 1925 vsque
362 1871 419 1912 ad
441 1870 617 1912 collum.

263 1928 534 1970 Maledixisti
556 1928 734 1982 sceptris
753 1927 857 1977 eius,
871 1928 1007 1982 capiti

205 1987 470 2029 bellatorum
500 1988 592 2028 eius
623 2002 631 2027 ε
651 1986 941 2036 venientibus,
962 1992 1010 2027 vt

208 2046 351 2096 turbo,
373 2045 430 2086 ad
452 2044 794 2098 dispergendum
817 2058 903 2085 me.

266 2103 500 2144 Exultatio
533 2115 697 2152 eorum,
731 2102 837 2143 ficut
870 2102 963 2142 eius
999 2117 1007 2142 z

207 2162 282 2215 qui
305 2162 491 2203 deuorat
512 2173 752 2215 pauperem
770 2160 814 2201 in
831 2160 1012 2202 abscon-

211 2221 317 2261 dito.

266 2278 398 2319 Viam
417 2276 551 2318 fecisti
570 2277 612 2317 in
631 2276 740 2317 mari
758 2276 882 2330 equis
899 2276 986 2318 tuis
1004 2290 1012 2317 ε

210 2336 254 2377 in
276 2335 370 2377 luto
392 2348 607 2389 aquarum
631 2335 880 2375 multarum.

269 2394 451 2442 Audiui,
465 2398 509 2434 et
526 2393 816 2434 conturbatus
834 2391 894 2433 est
908 2405 1014 2433 ven-

209 2459 276 2494 ter
298 2465 421 2492 meus
448 2467 456 2492 :
478 2449 504 2491 a
524 2464 633 2492 voce
649 2456 1012 2492 contremuerunt

210 2511 327 2552 labia
349 2523 460 2551 mea.

271 2567 552 2621 Ingrediatur
572 2565 761 2620 putredo
784 2565 827 2606 in
854 2565 1012 2606 ossibus

214 2627 335 2676 meis,
357 2631 401 2666 et
424 2624 569 2665 subter
591 2637 662 2665 me
684 2623 858 2665 scateat.

269 2684 332 2725 Vt
361 2682 627 2736 requiescam
658 2682 701 2722 in
731 2682 802 2723 die
834 2680 1013 2723 tribula-

211 2741 346 2784 tionis
368 2757 376 2781 :
397 2746 445 2781 vt
466 2739 699 2780 ascendam
721 2740 777 2781 ad
800 2739 1014 2793 populum

213 2796 458 2841 accinffitum
481 2797 687 2838 nostrum.

275 2857 405 2898 Ficus
441 2855 556 2896 enim
596 2869 683 2895 non
717 2854 890 2896 florebit
925 2870 934 2896 z
973 2860 1017 2896 et

217 2929 304 2957 non
328 2914 408 2955 erit
430 2927 611 2967 germen
636 2913 678 2953 in
702 2913 851 2954 vineis.

545 3039 555 3061 ¹
583 3039 701 3074 viftor
723 3053 727 3074 :
750 3041 790 3074 R.
814 3041 850 3074 P.
872 3041 914 3074 A.

1126 304 1368 346 Mentietur
1384 317 1496 358 opus
1515 303 1646 345 oliuae
1667 314 1676 341 z
1699 308 1743 345 et
1764 315 1869 344 arua

1066 375 1154 403 non
1178 362 1363 403 afferent
1385 363 1544 403 cibum.

1124 419 1422 461 Abscindetur
1437 421 1493 460 de
1510 419 1614 460 ouili
1636 432 1770 474 pecus
1794 432 1804 460 :
1825 423 1870 460 et

1067 491 1155 519 non
1173 478 1255 519 erit
1268 483 1517 519 armentum
1533 478 1575 518 in
1591 476 1868 532 praesepibuS.

1127 536 1227 589 Ego
1267 542 1415 577 autem
1459 535 1503 575 in
1545 535 1727 576 domino
1762 547 1868 588 gau-

1067 594 1183 634 debo
1221 609 1229 635 :
1259 599 1303 634 et
1334 593 1548 634 exultabo
1579 593 1623 634 in
1659 593 1745 634 deo
1781 591 1868 633 iesu

1069 665 1182 692 meo.

1129 710 1251 750 Deus
1276 708 1483 751 dominus
1505 707 1718 749 fortitudo
1740 720 1839 748 mea
1861 722 1870 748 z

1068 773 1112 808 et
1141 773 1277 821 ponet
1308 767 1444 821 pedes
1475 779 1598 807 meos
1630 765 1748 820 quasi
1779 778 1869 806 cer-

1070 838 1236 865 uorum.

1128 883 1187 923 Et
1210 882 1336 935 super
1356 881 1529 923 excelsa
1555 895 1654 922 mea
1682 881 1872 923 deducet

1070 954 1140 981 me
1157 939 1393 982 victorum¹
1417 954 1427 982 2
1449 940 1492 981 in
1515 939 1693 994 psalmis
1711 953 1871 981 canen-

1070 1005 1173 1039 tem.

1158 1067 1327 1109 Deinde
1349 1065 1627 1109 Benedictus.
1637 1066 1704 1121 so.
1729 1064 1784 1120 5².

1122 1168 1167 1214 (Ι
1191 1164 1273 1205 Ad
1279 1164 1488 1218 primam.
1548 1164 1754 1218 Psalmus
1773 1173 1824 1206 .2.

1081 1252 1099 1310 ᾖ
1207 1252 1324 1293 Vare
1361 1251 1632 1292 fremuerunt
1661 1256 1870 1305 gentes..

1090 1330 1117 1351 a.
1237 1310 1355 1351 beati
1372 1323 1538 1360 omnes,
1553 1309 1628 1364 qui
1645 1308 1875 1350 confidunt

1074 1370 1117 1410 in
1141 1383 1206 1411 e0.

1322 1436 1530 1490 Psalmus
1550 1447 1582 1479 .1
1596 1447 1628 1478 1.

1078 1514 1318 1600 §Aluum
1351 1528 1422 1556 me
1449 1514 1522 1581 ‘fac
1553 1513 1745 1560 domine,
1767 1527 1876 1579 quo-

1178 1587 1296 1613 mam
1320 1572 1480 1614 defeclt
1497 1570 1684 1614 sanEtus.
1695 1604 1704 1613 .
1715 1571 1876 1614 .mult1-

1073 1631 1241 1686 plicasti
1264 1631 1376 1672 filios
1396 1630 1638 1672 hominum.

1323 1722 1532 1776 Psalmus
1552 1756 1561 1765 .
1566 1732 1630 1776 50.

1193 1805 1359 1846 Iserere
1385 1804 1471 1845 mei
1500 1805 1609 1846 deus
1640 1803 1876 1846 secundum

1217 1876 1426 1916 magnam
1449 1862 1788 1903 misericordiam
1810 1868 1880 1903 tu-

1075 1927 1316 1962 am...tunc
1338 1921 1569 1974 imponent
1591 1920 1718 1975 super
1740 1920 1879 1962 altare

1075 1986 1202 2020 tuum
1225 1978 1400 2020 vitulos.

1252 2046 1422 2088 Deinde
1443 2046 1599 2089 Credo.
1621 2053 1690 2089 etc.

1132 2142 1176 2188 (I
1201 2139 1284 2181 Ad
1301 2140 1487 2182 tertiam.
1546 2139 1755 2194 Psalmus
1774 2151 1825 2193 .3.

1131 2219 1190 2289 3¹3⁴*
1216 2225 1389 2277 Omine,
1440 2226 1547 2280 quid
1599 2225 1880 2280 multiplicati

1090 2291 1105 2300 ¹·
1172 2309 1192 2322 -,
1254 2284 1455 2326 sunt...et
1497 2284 1624 2338 super
1662 2282 1878 2338 populum

1077 2350 1205 2386 tuum
1229 2340 1479 2384 benedictio
1501 2349 1590 2385 tua.

1331 2433 1540 2486 Psalmus
1560 2466 1567 2475 .
1573 2444 1595 2486 3
1601 2443 1638 2486 7.

1173 2508 1347 2558 Omine,
1377 2522 1431 2549 ne
1460 2508 1503 2549 in
1536 2507 1680 2549 furore
1709 2513 1787 2549 tuo
1816 2520 1883 2548 ar-

1199 2580 1310 2620 guas
1339 2566 1650 2608 me...domine
1677 2566 1788 2607 deus
1821 2564 1883 2606 sa-

1080 2624 1182 2666 lutis
1205 2638 1325 2665 meae.

1332 2719 1539 2772 Psalmus
1558 2728 1592 2772 ,5
1602 2728 1638 2772 5.

1092 2795 1361 2878 MIserere
1397 2795 1483 2836 mei
1519 2796 1640 2844 deus,
1673 2794 1882 2849 quoniam

1226 2852 1501 2895 conculcauit
1523 2867 1594 2894 me
1619 2853 1770 2894 homo.
1781 2885 1790 2894 .
1801 2866 1886 2894 ‚co-

1082 2927 1176 2955 ram
1199 2912 1283 2953 deo
1305 2912 1349 2952 in
1372 2911 1538 2953 lumine
1559 2911 1814 2953 viuentium.

1223 3039 1236 3058 ²
1262 3039 1347 3075 vide
1364 3050 1396 3084 p.
1419 3050 1448 3074 2.
