2066 3392
1 1449 5 1455 ⁴
0 1355 4 1423 -ην
0 1067 11 1339 *ψ’ν--νΠ-ἐψενπιτψω-τ-Δ
0 975 14 1065 w-wm-
0 910 6 934 ·-
9 887 11 890 .

855 196 1151 229 DECEMBER.
1769 193 1845 244 183

173 281 219 328 (I
248 279 437 323 Thomas
456 281 781 338 archiepiscopus
794 291 974 339 martyr.

447 339 592 382 Ledio
613 340 709 396 .it]7‘¹.

173 421 435 506 THomas
476 427 656 468 natione
697 427 855 482 anglus
892 428 973 470 sus-

285 488 416 537 cepto
456 484 831 539 archiepiscopatu
873 500 975 528 can-

173 537 430 582 thuariens?
444 547 492 583 vt
514 542 557 583 in
580 543 854 585 cancellariae
878 558 972 586 mu-

172 597 349 639 neribus
371 598 588 642 obeundis
617 600 788 643 strenue
816 601 858 644 se
879 603 971 656 ges-

171 653 295 705 serat,
336 655 390 697 s1c
441 657 486 698 in
536 658 715 700 ecclesia
765 661 973 702 adminis-

168 713 330 755 tranda
351 713 510 756 sortem
528 722 572 758 et
589 717 861 760 constantem
879 719 971 760 ani-

171 783 294 812 mum
328 772 540 826 praestitit.
603 775 721 816 Nam
756 790 856 818 cum
890 791 971 818 rex

172 827 394 871 Henricus
445 829 601 874 coa6‘ta
641 833 809 886 synodo
851 834 970 888 leges

169 886 382 940 quasdam
419 888 529 930 ferre
567 891 795 933 moliretur
827 892 970 946 digni-

168 945 263 994 tati,
294 951 339 987 et
370 949 618 989 commodis
649 949 840 991 ecclefiae
874 965 969 1004 per-

169 1002 472 1054 niciosas,tam
495 1005 642 1047 sancte
655 1013 699 1048 et
721 1007 971 1050 constanter

168 1059 209 1101 se
256 1063 488 1104 conatibus
529 1065 621 1105 eius
662 1065 879 1119 opposuit,
921 1072 970 1108 vt

168 1118 299 1160 nullis
314 1133 456 1174 neque
474 1121 878 1175 pollicitationibus,
894 1138 966 1166 ne-

166 1189 254 1230 que
270 1178 400 1219 minis
416 1181 609 1233 potuerit
623 1181 843 1223 deterreri.
877 1183 967 1224 Ita-

166 1248 253 1288 que
275 1236 422 1278 missus
443 1237 504 1278 est
526 1238 615 1292 ipse
636 1239 680 1279 in
703 1239 900 1287 exilium,
924 1246 968 1282 et

164 1298 261 1334 tota
297 1295 389 1336 eius
425 1297 633 1349 cognatio
670 1311 806 1351 regno
837 1312 968 1340 exce-

165 1351 269 1392 dere
291 1351 408 1401 iussa,
427 1352 687 1396 cunctorum
706 1355 833 1396 bonis
855 1356 967 1410 pub-

165 1408 316 1451 licatis.
370 1410 515 1453 Sexto
537 1418 686 1454 autem
709 1427 827 1454 anno
849 1428 967 1468 papa

165 1473 209 1508 et
227 1467 456 1510 Gallorum
472 1483 574 1524 rege
589 1470 966 1514 intercedentibus

164 1525 222 1566 ab
239 1526 376 1568 exilio
390 1540 492 1568 cum
510 1528 678 1582 ingenti
692 1529 828 1571 totius
842 1530 965 1584 regni

163 1584 461 1637 gratulatione
513 1593 755 1636 reuocatur,
801 1601 965 1642 magno

162 1648 312 1683 tamen
329 1642 486 1684 scelere
501 1650 636 1698 atque
650 1644 804 1686 fraude
818 1645 964 1700 regis³.

163 1698 251 1754 Qui
293 1700 448 1742 dolens
482 1701 713 1755 sacrilegos
754 1703 852 1744 suos
892 1718 964 1745 co-

162 1764 293 1799 natus
315 1758 504 1800 Thomae
526 1757 755 1802 samffitate
773 1762 828 1803 ad
852 1761 964 1803 nihi-

162 1814 253 1857 lum
283 1817 488 1867 recidisse,
509 1817 674 1859 violata
706 1818 794 1860 fide
826 1821 963 1861 mittit

161 1881 432 1916 armatorum
465 1889 658 1925 manum,
680 1877 754 1930 qui
784 1891 884 1918 eum
918 1878 961 1920 in

161 1930 236 1972 sua
256 1932 434 1974 ecclefia
455 1933 737 1976 trucidarent.
790 1934 962 1988 Quibus

161 1989 234 2031 ille
247 1990 588 2032 aduenientibus
603 1999 753 2045 portas
762 1993 962 2043 eoelefiae,

160 2061 271 2101 quas
292 2048 435 2089 clerici
458 2050 514 2090 ad
532 2049 822 2092 obssstendum
843 2051 961 2092 clau-

161 2105 315 2155 serant,
351 2106 571 2160 patefecit,
613 2107 741 2161 seque
782 2109 962 2163 intrepi-

161 2164 268 2205 dum
302 2164 464 2205 obtulit
506 2165 795 2218 iugulandum
832 2181 839 2207 :
877 2167 960 2208 hoc

159 2222 383 2264 duntaxat
424 2230 638 2276 precatus,
689 2237 744 2265 ne
786 2224 958 2266 suorum

159 2279 389 2335 quisquam
413 2280 655 2323 laederetur.
706 2281 756 2323 In
781 2295 852 2323 me
873 2283 958 2336 (in-

158 2338 272 2392 quit)
301 2351 437 2379 vnum
469 2337 559 2379 tela
590 2340 844 2390 conuertite,
870 2354 956 2381 non

158 2397 276 2437 enim
300 2395 446 2437 recuso
469 2410 549 2450 pro
566 2397 635 2438 dei
651 2397 828 2438 ecclesia
844 2411 958 2439 mor-

157 2459 249 2496 tem
271 2459 493 2508 oppetere.
557 2454 714 2509 Itaque
733 2454 860 2496 flexis
881 2470 956 2510 ge·

158 2511 288 2554 nibus
308 2512 441 2553 deum
471 2512 672 2561 adorans,
693 2512 853 2567 gladijs
876 2514 955 2555 im-

156 2569 330 2623 piorum
352 2569 569 2611 confossus
598 2571 803 2612 occubuit
826 2586 860 2613 v.
884 2586 955 2614 ca-

157 2626 312 2669 lendas
331 2626 602 2669 Decembris.
635 2627 772 2670 Cuius
797 2643 955 2683 corpus

157 2684 227 2727 in⁴
250 2685 407 2727 eadem
441 2685 618 2727 ecclefia
643 2687 871 2728 conditum
895 2687 955 2729 est

155 2742 580 2798 magnificentissimo
602 2743 837 2798 sepulchro.

225 2907 236 2930 ¹
262 2907 323 2944 die
342 2918 408 2952 .29.
428 2909 469 2943 in
487 2920 533 2943 m.
553 2919 622 2943 om.
644 2910 682 2943 P.

224 2954 238 2977 ²
263 2955 553 2991 canthuarienfis
571 2967 578 2991 :
597 2957 640 2991 A.

223 3002 237 3024 ³
262 3002 354 3048 legis
374 3015 380 3038 :
404 3003 440 3038 P.

1073 277 1118 323 ΙΙ
1155 274 1302 317 Lemo
1343 276 1471 318 tertia
1495 277 1640 330 sbrmo
1667 280 1818 332 fizm‘li

1285 333 1442 375 Leonis
1451 335 1607 389 papoe⁵.

1047 403 1311 489 SAluator
1326 406 1470 448 noster
1487 407 1746 451 dileffiffimi
1764 425 1842 456 no-

1147 463 1214 505 bis
1256 471 1386 506 natus
1419 465 1480 506 est
1514 481 1522 506 :
1555 468 1841 520 gaudeamus.

1045 519 1203 574 Neque
1236 523 1354 563 enim
1387 522 1452 564 fas
1489 523 1549 565 est
1580 524 1726 566 locum
1758 527 1842 568 esse

1042 578 1226 621 tristitiae
1269 595 1277 621 :
1317 581 1390 622 vbi
1432 581 1592 623 natalis
1633 582 1694 624 est
1725 585 1840 628 vitae.

1043 635 1158 691 Quae
1186 637 1448 693 consumpto
1478 639 1759 683 mortalitatis
1787 643 1840 684 ti-

1042 708 1163 736 more
1198 696 1358 750 ingerit
1389 697 1516 738 nobis
1548 698 1604 739 de
1635 700 1840 752 promissa

1040 754 1289 795 aeternitate
1329 754 1542 797 laetitiam.
1605 756 1751 798 Nemo
1783 759 1840 800 ab

1040 809 1169 852 huius
1219 811 1459 854 alacritatis
1500 814 1838 869 participatione

1040 867 1285 911 secernitur.
1346 871 1448 912 Vna
1477 869 1645 913 cunc'tis
1671 872 1838 916 laetitiae

1040 928 1290 969 communis
1311 927 1371 969 est
1394 929 1506 970 ratio
1530 943 1539 970 z
1561 931 1666 984 quia
1696 932 1837 973 domi-

1040 997 1122 1025 nus
1145 985 1287 1026 noster
1308 988 1478 1040 peccati
1502 988 1740 1042 mortisque
1761 990 1837 1031 de-

1038 1039 1221 1084 struetor
1255 1059 1263 1084 :
1304 1043 1410 1086 ficut
1446 1045 1616 1087 nullum
1650 1045 1677 1087 a
1712 1054 1835 1089 reatu

1038 1098 1223 1141 liberum
1253 1102 1476 1155 repperit:
1509 1103 1571 1144 ita
1599 1103 1837 1147 liberandis

1037 1158 1243 1200 omnibus
1264 1160 1396 1202 venit.
1435 1161 1623 1203 Exultet
1646 1160 1837 1206 sanetus:

1036 1216 1142 1269 quia
1177 1218 1506 1271 appropinquat
1537 1220 1594 1261 ad
1627 1220 1835 1274 palmam.

1037 1273 1242 1316 Gaudeat
1257 1282 1463 1329 peccator
1482 1277 1608 1331 :quia
1625 1278 1838 1320 inuitatur

1035 1332 1092 1372 ad
1115 1333 1302 1374 veniam.
1363 1333 1605 1376 Animetur
1624 1336 1801 1389 gentilis
1826 1349 1835 1379 :

1034 1389 1138 1444 quia
1151 1398 1334 1432 vocatur
1347 1392 1403 1432 ad
1418 1393 1567 1434 vitam.
1625 1394 1710 1435 Dei
1728 1408 1835 1436 nan-

1033 1461 1121 1501 que
1162 1447 1276 1490 filius
1319 1449 1555 1491 secundum
1598 1451 1835 1504 plenitudi-

1034 1518 1136 1547 nem
1154 1507 1366 1560 temporis
1394 1523 1402 1549 ε
1423 1521 1557 1561 quam
1575 1510 1714 1550 diuini
1731 1524 1835 1552 con-

1034 1562 1109 1616 filij
1144 1563 1436 1606 inscrutabilis
1467 1566 1659 1608 altitudo
1690 1568 1834 1622 dispo-

1033 1620 1126 1671 suit,
1157 1622 1527 1665 reconciliandam
1559 1623 1727 1666 auctori
1759 1626 1834 1667 suo

1032 1686 1235 1721 naturam
1250 1682 1424 1734 generis
1439 1681 1615 1735 sumpsit
1629 1683 1834 1726 humani:

1031 1743 1078 1778 vt
1105 1738 1311 1780 inuentor
1337 1739 1491 1781 mortis
1523 1740 1727 1782 diabolus
1756 1755 1834 1796 per

1033 1795 1185 1849 ipsam,
1226 1810 1315 1851 qua
1356 1797 1532 1848 vicerat,
1574 1799 1832 1842 vinceretur.

1034 1854 1085 1894 In
1108 1867 1197 1908 quo
1222 1852 1429 1896 conflictu
1459 1869 1537 1909 pro
1567 1856 1694 1898 nobis
1723 1857 1832 1899 inito

1032 1925 1196 1965 magno
1217 1919 1262 1954 et
1284 1913 1472 1954 mirabili
1494 1914 1718 1968 aequitatis
1740 1915 1832 1958 iure

1029 1976 1246 2011 certatum
1270 1970 1340 2012 est.
1405 1971 1525 2012 Dum
1548 1972 1831 2026 omnipotens

1029 2027 1236 2068 dominus
1250 2042 1351 2069 cum
1367 2028 1592 2070 saeuisfimo
1607 2029 1727 2071 hoste
1742 2044 1830 2072 non

1029 2085 1073 2125 in
1093 2084 1166 2126 sua
1185 2086 1420 2135 maiestate,
1438 2086 1510 2128 sed
1529 2087 1570 2127 in
1595 2087 1738 2129 nostra
1752 2088 1831 2130 hu-

1030 2143 1215 2184 militate
1246 2144 1539 2198 congreditur.
1601 2145 1827 2199 Obijciens

1029 2201 1067 2241 ei
1100 2202 1288 2242 eandem
1322 2201 1522 2251 sormam,
1552 2204 1831 2258 eandemque

1028 2266 1231 2300 naturam
1279 2275 1287 2300 :
1329 2260 1611 2302 mortalitatis
1648 2261 1828 2315 quidem

1027 2316 1183 2358 nostrae
1216 2317 1475 2371 participem
1509 2334 1516 2359 :
1551 2318 1621 2360 sed
1657 2320 1827 2374 peccati

1026 2375 1163 2415 totius
1184 2382 1427 2428 expertem.

1100 2484 1144 2531 ([
1172 2481 1386 2537 Syluestcr
1396 2491 1512 2538 papa
1532 2485 1741 2539 confestim

1297 2562 1439 2604 Lemo
1460 2563 1557 2619 .2‘ej⁶.

1028 2629 1297 2715 SYluestcr
1319 2633 1461 2685 patria
1485 2647 1692 2675 romanus
1709 2648 1827 2677 anno

1127 2688 1283 2730 Christi
1321 2692 1574 2733 cccxxxix,
1616 2693 1671 2733 ad
1715 2692 1826 2735 sum·

1024 2759 1146 2788 mum
1189 2747 1497 2801 pontificatum
1550 2747 1715 2792 clcftus
1766 2751 1826 2793 est

1093 2910 1106 2933 ⁴
1131 2911 1168 2946 in
1195 2923 1288 2947 :0m.
1313 2913 1356 2947 Α.

1092 2958 1106 2979 f'
1130 2958 1191 2993 die
1211 2968 1255 3003 30
1272 2960 1312 2994 in
1331 2971 1376 2995 m.
1402 2961 1442 2995 R.
1467 2961 1502 2996 Ι).
1523 2961 1566 2996 Λ.

1092 3005 1105 3025 ⁶
1130 3006 1190 3041 dic
1209 3016 1275 3051 .31.
1295 3007 1335 3041 lu
1355 3018 1400 3043 m.
