2066 3392
521 225 768 258 OFHCIVM
792 223 985 256 BEATAE
1014 222 1200 254 MARJAE
1238 222 1469 254 VIRGINIS.

195 304 379 359 Reliqua
409 310 553 346 aulem
583 303 695 345 anni
723 309 915 356 tempore.

470 388 634 431 Oratio.

164 474 374 556 ssEatae,
401 480 446 516 et
475 474 675 528 gloriosae
702 473 961 528 semperque

253 533 435 586 virginis
445 532 599 573 Mariae
614 531 866 586 quaesumus
880 531 960 572 do-

154 590 272 631 mine
294 591 537 631 interceffio
555 589 743 644 gloriosa
761 603 839 631 nos
862 602 961 644 pro-

151 654 297 702 tegat:
313 655 357 690 et
374 649 431 690 ad
447 649 585 689 vitam
603 648 818 702 perducat
835 653 961 688 aeter-

155 719 259 747 nam
282 721 291 747 :
312 720 391 760 per
412 707 658 748 dominum.

179 874 225 920 (I
257 871 342 914 Ad
367 871 559 926 vesperas
576 872 748 925 semper
774 870 948 912 dicitur.

447 969 668 1023 Hymnus.

218 1053 289 1095 Ve
330 1054 464 1095 maris
510 1054 646 1103 stella,
686 1054 771 1095 Dei
821 1059 964 1095 mater

269 1111 389 1153 alma
413 1125 422 1153 :
444 1112 599 1166 Atque
629 1112 799 1166 semper
823 1112 961 1166 virgo,

156 1170 284 1213 Felix
306 1170 407 1211 coeli
435 1177 573 1224 porta.

216 1228 409 1272 Sumens
424 1228 531 1270 illud
548 1242 631 1270 aue
646 1228 864 1271 Gabrielis
878 1241 966 1277 ore,

1754 218 1829 260 191

1031 301 1188 342 Funda
1211 314 1291 341 nos
1313 300 1357 341 in
1380 313 1502 354 pace,
1520 298 1703 340 Mutans
1723 298 1834 340 Euae

1029 372 1205 400 nomen.

1090 415 1226 459 Solue
1242 415 1389 457 vincla
1408 415 1503 464 reis,
1521 413 1671 455 Profer
1685 413 1835 455 lumen

1029 473 1158 516 caecis
1188 487 1197 515 ε
1227 473 1349 514 Mala
1378 472 1522 514 nostra
1551 470 1679 526 pelle,
1711 471 1836 512 Bona

1030 529 1190 573 cuneta
1212 531 1352 585 posce.

1090 589 1286 631 Monstra
1300 595 1345 630 te
1359 587 1442 629 esse
1461 593 1661 637 matrem,
1677 586 1836 628 Sumat

1031 662 1109 702 per
1149 653 1195 688 te
1230 660 1383 702 preces
1421 661 1429 687 ε
1467 645 1555 699 Qui
1593 658 1673 698 pro
1709 644 1837 686 nobis

1032 711 1163 747 natus
1184 705 1308 746 Tulit
1329 704 1414 745 esse
1434 710 1549 745 tuus.

1088 763 1228 817 Virgo
1261 762 1499 816 fingularis,
1529 761 1652 801 Inter
1682 773 1837 801 omnes

1032 822 1152 863 mitis
1179 837 1186 862 :
1216 821 1311 862 Nos
1339 820 1480 874 culpis
1509 818 1673 867 solutos
1702 818 1838 860 Mites

1033 879 1114 928 fac,
1136 886 1180 920 et
1201 879 1351 920 castos,

1090 938 1244 978 Vitam
1292 935 1449 991 praesta
1493 947 1649 989 puram
1694 950 1703 976 :
1748 934 1839 976 Iter

1032 1009 1140 1049 para
1165 1001 1311 1037 tutum
1335 1010 1343 1035 :
1363 994 1428 1035 Vt
1446 994 1649 1035 videntes
1679 992 1836 1041 Iesum,

1033 1053 1204 1107 semper
1225 1052 1507 1094 collaetemur.

1093 1111 1162 1154 Sit
1208 1111 1302 1152 laus
1348 1111 1434 1152 deo
1479 1109 1606 1163 patri,
1651 1108 1839 1151 Summo

1035 1169 1206 1212 Christo
1242 1170 1376 1210 decus
1416 1183 1425 1209 z
1468 1167 1651 1221 Spiritui
1689 1165 1840 1208 samsto

1033 1227 1196 1269 Tribus
1217 1226 1361 1268 honor
1380 1239 1504 1268 vnuS.
1565 1225 1727 1267 Amen.

924 1629 1068 1661 FsNlS.

642 2305 912 2339 VENETIIS
944 2305 1029 2337 ‘IN
1087 2304 1361 2338 OFFICINA

673 2375 928 2421 Lucaeantonij
959 2376 1081 2411 Iuntae
1108 2375 1326 2411 Florentini-

732 2445 843 2481 Anno
871 2445 1025 2481 Domini
1052 2453 1268 2481 M.D.xxxv.

861 2514 989 2552 Mense
1018 2515 1135 2551 lunio.
