2066 3392
1017 209 1129 250 xxiv

304 330 542 385 placuisset,
574 337 716 373 totam
752 330 841 372 fere
878 330 1040 373 sacram
1079 331 1333 386 scripturam
1372 331 1456 386 legi
1495 331 1670 386 fingulis
1706 330 1847 378 annis,

304 406 455 442 tamen
488 401 566 442 vix
599 414 687 442 vna
722 399 938 454 particula
974 399 1133 454 legitur
1168 401 1354 454 carptim
1392 401 1526 442 libros
1562 399 1848 454 degustando.

305 470 358 512 In
386 470 471 512 hoc
498 476 649 511 autem
678 470 838 524 legitur
866 470 1042 524 fingulis
1072 470 1199 511 annis
1228 483 1402 524 magna,
1425 477 1468 512 et
1496 471 1719 524 praecipua
1747 481 1850 523 pars

302 540 461 581 veteris
482 539 744 588 testamenti,
766 546 810 580 et
831 545 976 580 totum
1000 553 1165 580 nouum
1188 546 1349 594 praeter
1364 547 1536 593 partem
1555 537 1848 594 Apocalypsis

301 613 351 649 vt
372 607 580 657 diximus,
601 606 806 662 epistolis,
827 614 872 648 et
894 605 1003 648 affis
1025 607 1320 660 apostolorum
1343 607 1477 648 etiam
1500 607 1709 660 repetitis.

390 679 436 725 (Ι
472 675 607 730 Quod
643 677 836 730 pertinet
872 677 928 717 ad
966 675 1233 729 psalterium,
1267 676 1311 716 in
1349 675 1424 716 illo
1459 675 1677 716 breuiario
1717 673 1848 729 pauci

302 744 485 799 quidam
508 744 662 798 psalmi
683 744 908 798 saepiffime
929 750 1197 798 repetuntur,
1220 743 1418 798 plerique
1440 757 1496 784 ne
1517 743 1646 784 semel
1665 742 1846 797 quidem

303 813 511 868 leguntur
545 820 642 855 toto
678 827 807 854 anno.
870 814 923 854 In
959 813 1044 854 hoc
1079 827 1235 854 omnes
1277 813 1484 867 leguntur
1523 812 1701 866 singulis
1741 811 1850 853 heb-

303 882 510 924 domadis
531 882 618 923 slne
639 882 773 930 tedio,
795 895 899 922 nam
921 881 1098 934 singulis
1126 881 1246 922 horis
1275 882 1387 922 terni
1417 880 1570 934 psalmi
1599 893 1850 922 accommo-

304 950 480 999 dantur,
520 950 641 991 nullo
682 951 839 991 eadem
881 950 1167 991 hebdomada
1207 951 1407 1004 repetito.
1471 950 1647 991 Deinde
1687 949 1732 990 in
1773 948 1850 990 illo

304 1017 552 1060 sanctorum
585 1018 773 1059 historiae
805 1032 894 1059 non
925 1032 1080 1072 paucae
1112 1018 1319 1072 leguntur
1352 1024 1446 1059 tam
1483 1018 1580 1059 rudi
1618 1017 1726 1066 stilo,
1755 1023 1849 1059 tam

303 1087 391 1129 sine
419 1102 562 1129 rerum
591 1085 764 1128 delectu
794 1094 839 1128 et
865 1088 1098 1142 grauitate,
1124 1095 1172 1128 vt
1207 1088 1287 1128 sint
1320 1088 1541 1129 interdum
1575 1087 1850 1141 contemptui

304 1164 439 1211 atque
460 1157 616 1198 derisui
640 1157 900 1211 legentibus.
965 1157 1016 1198 ln
1038 1157 1122 1198 hoc
1143 1157 1250 1198 nihil
1265 1157 1362 1215 'tale
1384 1156 1584 1198 relictum
1606 1157 1679 1206 est,
1700 1156 1850 1198 omnia

305 1227 403 1268 sunt
423 1227 619 1274 cultiora,
642 1228 856 1280 grauiora,
875 1232 919 1267 et
935 1240 993 1267 ex
1016 1226 1191 1267 historia
1212 1226 1510 1275 ecclefiastica‚
1531 1233 1577 1268 et
1598 1223 1851 1267 auctoribus

304 1296 504 1350 probatis
524 1295 818 1349 grauibusque
839 1296 1059 1349 decerpta.

392 1367 437 1412 (I
463 1364 687 1405 Postremo
709 1365 751 1404 in
775 1363 850 1404 illo
872 1362 1043 1404 summa
1063 1370 1157 1404 erat
1178 1363 1372 1404 consufio
1394 1370 1576 1418 propter
1600 1362 1849 1417 regularum

304 1433 637 1474 multitudinem
666 1439 710 1474 et
738 1432 1095 1487 perplexitatem,
1122 1439 1166 1474 et
1194 1433 1400 1474 festorum
1431 1433 1782 1482 translationem,
1803 1437 1850 1474 et

304 1503 448 1543 varias
476 1502 964 1550 commemorationum,
986 1500 1305 1550 verficulorum,
1329 1501 1708 1555 responsoriorum,
1737 1500 1852 1542 anti-

305 1571 568 1624 phonarum,
607 1577 653 1612 et
693 1571 895 1612 similium
938 1584 1083 1612 rerum
1124 1570 1361 1611 laboriosas
1401 1584 1453 1611 ac
1494 1583 1650 1624 parum
1690 1583 1850 1623 graues

307 1640 624 1682 inculcationes
666 1646 711 1681 et
754 1641 1021 1689 iterationes,
1055 1653 1155 1693 quae
1197 1653 1278 1680 nec
1319 1639 1375 1680 ad
1417 1639 1630 1693 pietatem
1670 1651 1751 1679 nec
1791 1637 1849 1678 ad

304 1709 606 1762 cognitionem
648 1709 869 1763 scripturae
911 1708 1041 1749 sacrae
1086 1721 1355 1762 magnopere
1400 1707 1722 1748 conducebant.
1795 1706 1849 1747 In

304 1778 389 1819 hoc
416 1778 579 1819 talibus
606 1778 813 1819 omnibus
841 1777 1171 1831 impedimentis
1203 1777 1381 1817 sublatis
1411 1777 1454 1817 in
1477 1776 1606 1817 sacrae
1629 1775 1850 1830 scripturae

303 1850 515 1889 continua
543 1846 732 1889 lectione
760 1849 1039 1902 potissimum,
1067 1855 1112 1888 et
1139 1848 1348 1901 grauibus
1382 1844 1630 1888 sanetorum
1662 1845 1850 1899 historijs

302 1918 524 1960 versamur
544 1919 695 1972 paucis
717 1924 761 1958 et
782 1917 1019 1971 perspicuis
1040 1917 1202 1970 regulis
1224 1915 1443 1970 appositis.

391 1990 435 2035 (I
469 1988 626 2040 Itaque
653 1986 783 2040 fiquis
811 1987 1046 2039 diligenter
1077 1986 1416 2033 animaduertat,
1444 1990 1489 2025 et
1517 1991 1643 2025 vetus
1671 1990 1848 2038 patrum

303 2057 529 2098 confilium
560 2056 896 2109 institutumque
925 2055 1196 2108 consyderet.
1225 2055 1356 2108 plane
1385 2054 1611 2107 intelliget,
1642 2054 1726 2095 hoc
1752 2054 1849 2095 bre-

305 2127 491 2168 uiarium
514 2140 602 2167 non
627 2134 718 2167 tam
742 2125 826 2166 esse
849 2138 1014 2165 nouum
1038 2125 1282 2173 inuentum,
1303 2137 1437 2177 quam
1464 2123 1664 2176 breuiarij
1690 2123 1849 2164 veteris

305 2195 349 2235 in
376 2195 738 2242 commodiorem,
759 2200 803 2234 et
832 2192 1062 2233 cultiorem
1091 2191 1280 2232 formam
1310 2190 1641 2239 restitutionem,
1668 2189 1849 2232 sublatis

303 2264 566 2318 quibusdam
609 2264 739 2304 rebus
779 2277 880 2317 quae
922 2263 1070 2304 medio
1111 2268 1312 2315 tempore
1351 2267 1512 2316 praeter
1546 2261 1769 2310 iudicium,
1803 2266 1849 2302 et

302 2335 570 2388 grauitatem
602 2333 895 2387 obrepserant.

392 2405 438 2450 {I
475 2403 608 2443 Porro
642 2415 898 2455 quanquam
933 2414 1021 2442 non
1055 2400 1138 2442 fuit
1170 2400 1298 2441 nobis
1331 2398 1600 2454 propositum
1629 2398 1849 2446 breuitati‚

305 2470 377 2512 sed
414 2471 722 2512 commoditati
759 2471 1033 2524 precantium
1074 2468 1308 2518 consulere,
1345 2475 1566 2521 vtrunque
1601 2474 1763 2517 tamen,
1799 2473 1848 2508 vt

305 2539 528 2593 speramus
556 2539 776 2580 consecuti
805 2538 951 2578 sumus
1014 2537 1131 2578 Nam
1169 2537 1271 2578 licet
1302 2534 1513 2578 lectiones
1544 2536 1722 2590 singulae
1753 2535 1847 2576 lon-

304 2611 449 2664 giores
481 2610 561 2651 s1nt
593 2610 636 2650 in
668 2609 754 2650 hoc
785 2609 1014 2655 breuiario,
1047 2608 1144 2649 sunt
1175 2614 1326 2648 tamen
1358 2613 1446 2647 tres
1477 2607 1713 2654 duntaxat,
1743 2618 1845 2646 cum

306 2680 350 2720 in
385 2679 528 2732 priore
561 2676 773 2719 adiuncto
806 2678 951 2718 officio
983 2677 1113 2718 beate
1145 2676 1325 2730 virginis
1360 2675 1440 2716 sint
1476 2675 1711 2715 duodecim
1743 2687 1845 2714 cum

304 2748 493 2789 totidem
524 2746 751 2794 verficulis,
784 2752 829 2787 et
865 2745 1153 2799 responsorijs.
1185 2751 1230 2786 et
1266 2744 1367 2784 licet
1402 2743 1582 2796 quidam
1615 2741 1769 2795 psalmi
1801 2742 1844 2782 in

305 2816 390 2857 hoc
410 2815 492 2856 slnt
514 2814 746 2868 longiores,
767 2816 810 2855 in
834 2815 910 2855 illo
931 2822 1080 2855 tamen
1108 2812 1283 2867 singulis
1301 2812 1456 2853 diebus
1478 2811 1685 2865 leguntur
1704 2810 1846 2851 multo

305 2885 464 2939 plures,
486 2883 515 2924 fi
537 2884 747 2936 repetitos
769 2897 973 2923 numeres
994 2890 1207 2936 tanquam
1230 2880 1432 2922 diuersos

392 2955 438 3001 (Ι
457 2952 659 2999 Accedit,
677 2953 796 3005 quod
820 2953 862 2992 in
886 2952 960 2992 illo
982 2965 1146 3005 magna
1167 2950 1228 2992 est
1250 2949 1533 3004 perplexitaS,
1551 2953 1595 2988 et
1613 2947 1845 3001 longitudo

305 3021 435 3074 officij
469 3028 563 3062 tum
596 3021 726 3069 seriae,
753 3028 847 3061 tum
881 3022 1015 3062 etiam
1047 3021 1283 3061 dominicae
1313 3019 1410 3060 diei.
1476 3018 1527 3058 In
1559 3017 1642 3057 hoc
1674 3015 1844 3056 nullum
