2066 3392
273 161 353 214 176

533 296 679 338 Lec‘lz'o
710 297 808 352 ‚z‘z'j¹.

371 388 545 430 Icolaus
582 388 733 430 illustri
770 389 868 431 loco
902 390 1074 432 Patarae

400 452 541 496 natus,
564 447 684 500 quod
707 448 922 501 oppidum
945 449 1006 490 est
1028 450 1071 491 in

271 504 422 558 Lycia,
463 505 644 545 orbatus
691 505 734 546 in
777 506 1073 548 adolescentia

268 569 455 616 Vtroque
483 569 677 617 parente,
699 577 854 604 omnes
883 564 979 605 suas
1009 564 1072 606 sa-

268 620 457 662 cultates
517 621 786 674 pauperibus
841 622 1069 664 distribuit.

272 679 408 721 Cuius
430 678 537 719 illud
555 692 634 732 per
651 677 797 720 san6³oe
815 685 858 721 et
879 680 1071 734 benigne

269 734 454 778 fa6³mm²
499 737 543 777 in
592 737 745 790 primis
789 744 1069 780 memoratur.

269 795 403 849 Quod
433 808 534 835 cum
559 795 741 848 quidam
764 796 856 836 eius
881 797 989 837 ciuis
1011 810 1069 837 ex

267 854 408 894 diuite
448 853 753 906 pauperrimus
792 852 947 903 sactus,
982 861 1070 895 tres

268 910 380 952 filias
411 911 499 951 iam
528 911 622 951 viro
652 917 848 952 maturas
877 925 965 952 non
995 926 1071 953 va-

267 969 361 1010 lens
390 983 481 1023 prae
505 969 654 1022 inopia
677 969 960 1019 matrimonio
982 969 1070 1011 col-

267 1027 422 1077 locare,
452 1027 661 1068 statuisset
692 1026 962 1080 prostituere,
992 1029 1071 1069 Ni-

267 1085 417 1126 colaus
444 1099 489 1126 re
510 1085 701 1138 cognita,
723 1085 917 1138 quadam
940 1084 1070 1127 noete

267 1157 346 1197 per
381 1143 612 1184 fenestram
649 1149 824 1184 tantum
865 1144 1072 1197 pecunia-

268 1215 364 1242 rum
387 1201 501 1242 clam
529 1202 713 1255 proiecit
741 1201 784 1241 in
808 1201 991 1242 domum
1021 1201 1070 1242 il-

266 1260 362 1309 lius,
379 1265 595 1313 quantum
619 1259 713 1300 doti
731 1260 858 1300 vnius
880 1259 1068 1300 filiarum

265 1318 443 1359 abunde
485 1317 708 1359 sufficeret.
782 1317 916 1371 Quod
967 1331 1068 1359 cum

266 1377 438 1424 iterum,
485 1382 530 1416 et
579 1375 712 1416 tertio
762 1375 943 1424 fecisset,
981 1382 1070 1416 tres

266 1434 571 1476 honestissimae
630 1434 823 1487 virgines
888 1434 1069 1475 dotibus

266 1493 460 1546 acceptis
489 1491 680 1532 honestis
710 1492 812 1532 viris
842 1491 886 1532 in
918 1492 1069 1532 matri-

266 1551 463 1592 monium
483 1550 600 1591 datae
623 1549 729 1590 sunt.
796 1549 880 1590 His
903 1556 947 1591 et
969 1549 1068 1590 tali-

265 1610 347 1650 bus
364 1609 576 1649 virtutum
597 1606 762 1660 officijs,
780 1621 880 1648 cum
905 1621 1069 1660 magna

267 1668 352 1708 suae
383 1665 626 1707 san6titatis
654 1665 905 1719 praebuisset
933 1665 1067 1706 docu-

266 1731 427 1774 menta,
446 1725 622 1777 Myram
642 1723 856 1777 oppidum
876 1723 1068 1764 eiusdem

266 1783 506 1838 prouinciae
529 1780 554 1822 a
575 1782 660 1822 deo
682 1781 886 1822 videlicet
914 1782 1067 1832 admo-

267 1842 385 1882 nitus
426 1840 668 1888 contendit,
707 1853 760 1880 eo
801 1839 1067 1892 potissimum

264 1906 478 1953 tempore,
492 1912 580 1952 quo
595 1898 686 1938 eius
704 1897 931 1950 episcopus
948 1897 1067 1938 obie-

265 1964 343 1999 rat.
403 1957 493 1998 Vbi
517 1969 616 1997 cum
646 1955 938 2009 prouinciales
960 1955 1068 2008 epis-

263 2016 362 2069 copi
392 2013 469 2056 de³
494 2014 699 2067 eligendo
731 2013 934 2067 episcopo
965 2027 1069 2053 con-

264 2075 484 2122 sultarent,
500 2072 711 2113 diuinitus
726 2071 940 2112 admoniti
960 2071 1068 2119 sunt,

265 2138 314 2173 vt
350 2145 451 2173 eum
489 2130 711 2183 eligerent,
748 2130 822 2183 qui
862 2129 1068 2182 postridie

266 2204 397 2231 mane
433 2188 646 2230 Nicolaus
685 2188 863 2228 nomine
900 2188 1066 2240 primus

263 2248 486 2290 ecclefiam
540 2246 850 2298 ingrederetur.
932 2244 1065 2298 Quod

264 2320 365 2347 cum
389 2304 608 2346 accidisset
638 2303 839 2353 Nicolao,
867 2316 1066 2356 compre-

264 2364 422 2405 hensus
453 2364 509 2403 ab
539 2361 870 2403 obseruantibus
903 2374 1066 2413 magno

264 2419 522 2464 cunctorum
574 2419 780 2460 consensu
838 2418 1066 2472 episcopus

261 2486 444 2521 creatur.
506 2478 638 2531 Quod
677 2491 835 2517 munus
869 2482 962 2517 tam
1001 2490 1064 2516 re-

263 2537 423 2592 ligiose,
443 2544 535 2578 tam
560 2533 715 2584 sancte,
739 2535 1065 2588 prudenterque

263 2596 396 2650 geffit,
410 2602 457 2636 vt
475 2594 617 2634 omnis
632 2593 805 2633 virtutis
820 2606 870 2633 ac
885 2592 1063 2646 pietatis

262 2654 538 2695 clarissimum
603 2651 731 2691 fuerit
792 2649 1063 2703 exemplum,

263 2711 600 2763 maximumque
660 2709 720 2749 sui
786 2707 1061 2761 desyderium

261 2769 471 2811 vniuersae
515 2768 664 2820 Lyciae
702 2767 892 2806 moriens
929 2771 1062 2806 aetate

260 2827 380 2868 senili
412 2825 510 2879 .viij.
544 2825 640 2865 idus
675 2823 933 2865 Decembris
965 2822 1063 2864 reli-

329 2922 342 2944 1
368 2922 428 2956 die
447 2920 512 2956 ,16.
534 2922 573 2954 z'n
593 2932 639 2954 m.
659 2921 702 2955 V.
746 2918 779 2953 6.
799 2919 842 2953 R.
860 2919 898 2953 P.
916 2918 959 2953 A.

328 2970 342 2991 2
367 2968 532 3003 fandum
555 2980 561 3002 ε
580 2968 623 3002 Α.

328 3016 342 3038 3
369 3017 415 3051 de
437 3029 443 3050 :
461 3027 528 3049 om.
551 3015 588 3048 Ι).

956 178 1255 213 DECEMBER.

1146 259 1302 312 querit.
1334 258 1408 301 vbi
1452 259 1603 301 multis
1644 260 1780 303 etiam
1822 261 1951 304 mira-

1142 316 1251 358 culis
1273 316 1472 359 claruisse
1493 324 1774 361 memoratur.

1146 410 1191 455 (I
1222 406 1478 461 Ambrostns
1506 408 1712 462 episcopus
1739 409 1950 463 confqffor.

1375 466 1534 519 duplex
1561 480 1604 507 m
1609 466 1716 509 inus.

1463 551 1629 594 Oratio.

1148 625 1340 708 DEuS,
1361 625 1436 679 qui
1466 625 1634 679 populo
1663 631 1741 667 tuo
1767 632 1948 668 aeternae

1265 683 1414 724 salutis
1448 683 1629 724 beatum
1662 684 1947 726 Ambrossurn

1140 741 1382 782 ministrum
1405 741 1588 782 tribuisti
1613 757 1621 782 :
1643 741 1800 795 praesta
1826 756 1954 797 quae«

1139 798 1285 840 sumus
1310 815 1318 840 :
1342 806 1389 840 vt
1420 813 1552 853 quem
1582 797 1811 841 do&orem
1840 801 1945 842 vitae

1139 856 1374 898 habuimus
1392 857 1435 898 in
1450 857 1577 898 terris
1595 873 1603 898 ε
1621 857 1944 900 intercessorem

1138 914 1301 956 habere
1329 929 1578 956 mereamur
1605 916 1648 956 in
1678 915 1802 957 coelis
1832 930 1841 958 z
1867 930 1947 971 per

1139 973 1383 1014 dominum.

1410 1065 1556 1106 Leblz'o
1578 1063 1673 1119 .z'z‘j⁴.

1205 1139 1419 1181 Mbrofius
1475 1139 1811 1182 mediolanenfis
1866 1155 1944 1183 an-

1254 1198 1375 1239 tistes
1411 1197 1648 1238 Ambrofio
1685 1203 1811 1252 patre
1846 1200 1944 1241 ciue

1140 1256 1347 1297 Romano
1376 1255 1568 1297 Galliam
1598 1256 1942 1308 administrante,

1139 1320 1269 1355 natus
1286 1314 1357 1364 est,
1377 1313 1513 1355 Cuius
1532 1314 1574 1354 in
1593 1327 1666 1354 ore
1684 1314 1943 1356 dormientis

1139 1373 1182 1413 in
1205 1371 1353 1413 cunis⁵
1375 1385 1566 1413 examen
1586 1385 1720 1425 apum
1738 1372 1944 1426 praestan-

1136 1431 1245 1471 tiam
1281 1430 1361 1471 viri
1398 1430 1667 1483 portendens
1705 1429 1942 1472 consedisse

1138 1488 1282 1529 fertur.
1347 1488 1436 1530 Sed
1483 1488 1641 1528 Romae
1682 1487 1945 1530 liberalibusv

1137 1546 1375 1600 disciplinis
1422 1545 1632 1594 eruditus,
1672 1545 1731 1586 ob
1772 1546 1937 1600 ingenij

1136 1605 1228 1646 eius
1247 1617 1431 1645 acumen
1447 1609 1490 1644 et
1509 1603 1738 1653 solertiam,
1754 1602 1780 1644 ὲ
1797 1604 1939 1645 Probo

1136 1660 1358 1717 praefecto,
1385 1667 1434 1702 vt
1467 1661 1692 1714 Liguriam
1721 1661 1940 1715 guberna-

1138 1727 1204 1762 ret
1251 1720 1410 1769 missus,
1451 1718 1758 1760 Mediolanum
1803 1720 1938 1762 venit.

1137 1779 1226 1819 Vbi
1269 1784 1445 1819 mortuo
1482 1777 1696 1817 auxentio
1733 1777 1938 1832 episcopo

1137 1837 1319 1884 arriano,
1335 1849 1435 1876 cum
1455 1834 1643 1888 populus
1662 1835 1703 1875 in
1722 1833 1938 1876 eledffione

1137 1894 1331 1948 praesulis
1363 1892 1592 1941 diffideret,
1624 1898 1668 1933 et
1705 1892 1793 1946 ipse
1830 1893 1942 1934 sedi-

1137 1953 1270 1993 tionis
1321 1951 1525 1992 sedandae
1576 1950 1718 1991 studio
1763 1950 1819 1992 ad
1869 1964 1938 1992 ec-

1137 2010 1308 2051 clesiam
1342 2008 1597 2063 perrexisset
1630 2007 1770 2049 subita
1800 2009 1937 2050 totius

1137 2068 1289 2122 populi
1339 2080 1446 2108 voce
1494 2065 1776 2107 Ambrosium
1828 2066 1936 2120 epis-

1136 2140 1297 2180 copum
1349 2124 1645 2173 acclamantis,
1691 2124 1935 2165 incredibili

1137 2191 1180 2225 et
1222 2183 1542 2225 catholicorum
1579 2188 1623 2223 et
1663 2182 1935 2223 arrianorum

1136 2241 1341 2283 consensu
1360 2239 1563 2294 pontifex
1581 2239 1766 2293 eligitur.
1801 2239 1934 2294 Quod

1135 2314 1246 2341 onus
1267 2306 1311 2340 et
1340 2298 1367 2338 fi
1397 2298 1471 2339 diu
1501 2297 1641 2338 subire
1662 2297 1934 2348 recusauerit,

1134 2363 1284 2398 tamen
1315 2355 1632 2398 Valentiniano
1669 2355 1935 2408 imperatore

1135 2413 1395 2456 ele6'donem
1428 2413 1616 2454 libenter
1646 2412 1934 2466 approbante,

1135 2487 1222 2514 non
1256 2473 1401 2526 potuit
1432 2471 1584 2525 populi
1617 2469 1738 2511 fimul
1770 2483 1821 2511 ae
1852 2471 1932 2511 im-

1134 2531 1346 2585 peratoris
1378 2529 1606 2582 desyderio
1638 2534 1682 2569 et
1714 2527 1932 2569 voluntati

1134 2589 1331 2630 ressstere.
1384 2587 1597 2640 Suscepto
1620 2586 1752 2639 igitur
1770 2585 1930 2639 episco-

1133 2653 1251 2700 patu,
1293 2660 1344 2686 ea
1388 2645 1491 2686 vitae
1541 2642 1839 2692 sanctimonia,
1880 2657 1931 2685 ac

1133 2718 1306 2746 morum
1349 2703 1614 2755 integritate,
1651 2698 1932 2742 auctoritate-

1132 2777 1216 2817 que
1254 2775 1413 2802 munus
1444 2760 1596 2809 obiuit‚
1627 2765 1674 2800 vt
1710 2759 1748 2799 ei
1786 2758 1931 2800 Theo-

1131 2820 1274 2862 dOslus
1323 2820 1570 2872 imperator,
1618 2830 1707 2870 quo
1753 2816 1932 2858 iubente

1199 2914 1213 2936 4
1238 2914 1298 2949 die
1316 2923 1358 2956 .7.
1377 2914 1419 2948 in
1439 2924 1485 2947 m.
1518 2922 1560 2947 10
1579 2912 1615 2947 P.
1634 2911 1678 2945 A.

1200 2961 1214 2983 ⁵
1239 2961 1342 2995 cuius
1367 2960 1436 2995 :A.
