2066 3392
226 177 308 220 170

300 259 346 305 (1
378 254 612 298 ,Martinus
630 261 750 310 papa
782 261 964 309 marzyr.

461 336 607 377 Lenia
638 335 767 377 tertia
774 333 799 378 ¹.

233 412 328 496 M
343 411 531 453 Artinus
548 425 665 465 papa
679 411 860 452 natione
879 408 1031 458 Italus,

363 471 506 524 patria
525 470 785 517 tudertinus,
803 469 928 508 initio
949 466 1031 508 sui²

224 528 510 583 pontificatus
531 527 702 581 legatos
721 526 1030 568 Constantino-

225 586 364 641 polim
397 586 508 626 mifit
538 586 594 626 ad
628 584 814 625 Paulum
846 584 1030 637 patriar-

224 645 354 686 cham
387 644 642 684 haereticum
670 658 678 683 ε
704 642 733 682 sl
761 642 900 695 posset
929 654 1030 682 eum

226 703 282 744 ad
307 702 536 743 sanitatem
562 714 778 742 reuocare.
825 699 905 740 Ille
927 713 1031 740 vero

227 767 402 801 tantum
436 759 588 807 abfuit,
620 765 669 799 vt
700 757 921 811 pontificis
953 757 1031 798 ad-

226 818 552 859 hortationibus
598 817 939 870 obtemperaret,
984 820 1031 856 vt

228 876 385 917 abusus
406 874 648 927 Constantij
670 874 947 927 imperatoris
965 873 1032 914 iti-

228 936 331 976 dem
354 933 548 974 haeretici
567 930 843 981 auctoritate,
860 931 1032 985 legatos

228 991 479 1046 pontificios
501 991 544 1031 in
567 990 759 1031 diuersas
789 989 948 1030 insulas
971 1003 1034 1030 re-

228 1050 452 1104 legauerit.
515 1048 665 1102 Quare
691 1054 939 1089 commotus
966 1047 1034 1100 (vt

228 1122 310 1163 par
337 1107 448 1161 erat)
479 1107 698 1147 Martinus
725 1105 785 1147 ‚cl.
811 1106 1033 1159 episcopo-

228 1180 325 1207 rum
357 1166 516 1206 Romae
545 1162 701 1205 coacta
729 1164 898 1217 synodo
923 1164 1033 1204 Pau-

229 1224 320 1265 lum
342 1223 638 1277 patriarcham
658 1222 942 1263 anathemate
959 1221 1034 1262 de-

229 1282 425 1330 testatus,
453 1281 698 1322 damnauit.
759 1280 886 1321 Tunc
917 1279 1035 1321 Con-

229 1341 414 1382 stantius
435 1339 698 1392 Olympium
721 1338 966 1379 exarchum
990 1338 1033 1378 in

232 1398 410 1440 Italiam
435 1398 583 1446 mittit,
604 1397 733 1450 eique
755 1397 940 1437 mandat
960 1411 967 1436 :
988 1402 1035 1437 vt

231 1455 628 1498 Monothelitarum
660 1452 820 1495 sea-am
843 1468 922 1508 per
942 1467 1036 1495 om-

231 1528 334 1556 nem
359 1513 536 1555 Italiam
559 1513 867 1562 disseminaret,
891 1513 1036 1553 daret-

230 1586 317 1626 que
335 1585 529 1625 operam,
542 1577 590 1612 vt
609 1571 852 1611 Martinum
871 1583 1036 1623 papam

230 1636 309 1673 aut
330 1629 606 1678 interficeret,
625 1633 701 1669 aut
718 1634 898 1682 captum
916 1628 972 1669 ad
996 1628 1037 1669 se

231 1688 566 1743 perducendum
614 1692 798 1727 curaret.
859 1686 906 1726 A
948 1699 1037 1739 quo

233 1744 421 1799 Olypio³
436 1759 536 1785 cum
554 1745 745 1785 Romam
764 1743 1038 1798 peruenisset,

231 1803 361 1846 116‘c0r
412 1803 622 1844 immissus
668 1802 743 1855 qui
795 1802 1038 1842 Martinum

233 1863 276 1903 in
307 1861 482 1903 bafilica
505 1858 650 1901 sanc'te
677 1859 833 1900 Mariae
862 1860 1038 1900 maioris

233 1926 423 1974 caperet,
444 1925 522 1960 aut
544 1918 763 1959 occideret
789 1931 1040 1971 repugnan-

234 1985 338 2026 tem,
358 1978 428 2018 dei
451 1976 663 2018 miraculo
683 1976 824 2016 subita
841 1977 1040 2016 caecitate

235 2036 477 2090 corripitur.
527 2034 586 2075 Et
609 2035 663 2075 fic
682 2033 912 2074 discrimen
935 2040 1042 2074 tunc

237 2095 458 2136 Martinus
490 2092 635 2134 euafit.
690 2092 779 2134 Sed
809 2091 1042 2145 paulopost

238 2152 522 2195 Constantius
564 2150 737 2203 magnis
779 2150 1042 2191 calamitati-

237 2211 319 2252 bus
362 2211 405 2250 in
449 2209 633 2262 imperio
670 2209 862 2262 acceptis
905 2207 1042 2248 nihilo

239 2267 394 2309 melior
435 2266 588 2316 faGtus,
630 2266 917 2307 Theodorum
960 2265 1045 2307 Ca-

237 2327 404 2380 liopam
436 2326 629 2367 Romam
659 2325 714 2365 ad
748 2323 915 2365 facinus
947 2337 1045 2377 per-

239 2384 462 2437 agendum
482 2383 628 2423 mittit.
660 2382 705 2422 A
719 2396 809 2435 quo
825 2382 1044 2422 Martinus

241 2442 346 2483 dolo
394 2447 563 2495 captus,
610 2439 1044 2493 Constantinopolim

240 2500 442 2541 mittitur.
502 2499 636 2539 Vnde
665 2497 814 2551 postea
843 2498 886 2538 in
911 2497 1046 2539 Cher-

241 2557 438 2598 sonesum
463 2556 594 2597 Ponti
618 2556 851 2610 relegatuS,
868 2555 1047 2596 calami-

240 2615 408 2656 tatibus
425 2621 469 2655 et
487 2614 636 2667 inopia
653 2611 890 2663 confefms,
907 2613 1048 2666 pridie

241 2674 341 2714 idus
369 2672 636 2713 Nouembris
667 2672 853 2712 moritur
882 2671 1048 2712 ibidem

241 2730 526 2785 pontificatus
558 2729 619 2770 sui
651 2743 770 2770 anno
802 2728 867 2783 .vj.
901 2728 1049 2770 mense

241 2789 385 2844 primo
407 2789 480 2829 die
503 2786 628 2841 xxvj.

312 2905 324 2927 1
350 2905 410 2939 die
428 2914 495 2939 .12.
516 2905 556 2938 in
574 2915 620 2938 m.

311 2951 325 2974 ²
350 2952 400 2986 sui
425 2963 518 2986 :om.
545 2952 583 2986 P.
602 2952 645 2985 A.

311 3000 325 3022 3
351 2998 527 3044 Olympio
549 3010 555 3033 :
578 2999 621 3032 R.
643 2999 681 3033 P.
702 2999 747 3032 A.

916 177 960 210 N
960 177 986 209 O
995 176 1170 210 VEMBE
1171 177 1215 209 R.

1159 254 1216 301 CI*
1239 251 1464 295 Dedicatio
1496 252 1677 307 basilicae
1704 252 1833 295 Petri
1862 258 1904 295 et

1099 311 1240 352 Pauli
1258 312 1412 365 duplex
1426 310 1601 353 minus‘.
1634 311 1690 352 In
1709 310 1901 366 lzocfesto

1098 369 1258 422 hymni,
1309 369 1448 411 oratio
1503 368 1808 411 innitatorium
1861 375 1904 410 et

1098 427 1217 468 lenio
1245 427 1374 468 tertia
1395 427 1610 477 dicuntur,
1633 434 1691 476 vt,
1713 427 1759 468 in
1784 425 1900 468 dedi-

1097 485 1259 526 catione
1279 485 1719 538 bastlz'caesalzcatorzssv.

1166 561 1210 606 (I
1245 559 1492 600 Pontianus
1510 565 1629 613 papa
1659 565 1838 612 martyr.

1332 644 1479 686 Lenia
1509 644 1638 686 tertia
1645 642 1668 685 ⁵.

1186 719 1406 762 Ontianus
1420 721 1779 773 patriaromanus
1793 731 1902 773 pon-

1213 778 1326 819 tifex
1352 777 1494 819 factus
1517 777 1577 819 est
1605 791 1722 818 anno
1746 776 1902 819 Christi

1101 836 1193 876 nati
1217 850 1286 877 .cc.
1304 842 1348 877 et
1370 836 1458 877 xlv.
1481 842 1681 889 ternpore
1702 834 1903 876 Alexan-

1101 894 1168 935 dri
1192 894 1478 948 imperatoris.
1536 893 1624 947 Qui
1647 905 1903 947 quanquam

1102 952 1341 1006 imaginem
1366 951 1522 993 Christi
1544 952 1665 992 domi
1690 950 1907 999 habuerit,

1102 1011 1230 1063 eique
1247 1009 1466 1063 templum
1481 1009 1710 1058 aedificare,
1725 1022 1776 1050 ac
1793 1009 1906 1049 inter

1103 1068 1210 1109 deos
1234 1067 1392 1108 referre
1415 1068 1611 1114 voluerit,
1636 1073 1786 1108 tamen
1812 1067 1905 1108 ido-

1102 1125 1246 1166 lorum
1263 1125 1528 1166 ‘sacrificulis
1560 1124 1906 1178 efflagitantibus

1103 1184 1371 1225 Pontianum
1390 1184 1432 1224 in
1450 1183 1702 1225 Sardiniam
1721 1182 1905 1223 insulam

1102 1255 1203 1282 cum
1255 1242 1460 1295 Philippo
1502 1240 1757 1295 presbytero
1797 1239 1908 1281 rele-

1103 1300 1237 1353 gauit.
1298 1300 1389 1341 Vbi
1412 1299 1575 1340 multas
1597 1298 1873 1340 calamitates
1900 1313 1909 1339 :

1104 1364 1148 1398 et
1176 1358 1382 1411 grauiora
1403 1363 1625 1398 tormenta
1646 1370 1726 1410 pro
1750 1355 1906 1398 Christi

1104 1416 1190 1456 fide
1208 1416 1363 1470 passus,
1383 1416 1577 1456 moritur.
1593 1414 1683 1468 xiij.
1700 1413 1908 1455 calendas

1106 1474 1377 1515 Decembris.
1421 1473 1557 1514 Cuius
1577 1486 1735 1526 corpus
1756 1471 1908 1526 postea

1105 1530 1130 1572 a
1150 1532 1349 1572 Fabiano
1365 1530 1575 1585 pontifice
1595 1531 1788 1571 Romam
1807 1542 1908 1570 cum

1105 1603 1269 1643 magna
1283 1590 1640 1637 veneratione‚ac
1654 1588 1791 1629 totius
1805 1587 1908 1628 cleri

1105 1647 1498 1701 supplicationibus
1526 1652 1800 1700 reportatum
1822 1645 1910 1687 est:

1104 1719 1156 1746 ac
1179 1705 1395 1759 sepultum
1418 1706 1490 1746 via
1506 1704 1659 1758 Appia
1681 1704 1724 1744 in
1747 1716 1912 1744 coeme-

1104 1764 1215 1804 terio
1260 1763 1420 1805 Calisti.
1494 1763 1624 1803 Vixit
1669 1767 1818 1802 autem
1865 1761 1909 1802 in

1107 1820 1373 1862 Pontificatu
1422 1834 1562 1862 annos
1618 1819 1690 1863 jx,
1741 1818 1911 1861 menses

1103 1894 1154 1923 .v.
1176 1880 1270 1921 dies
1291 1879 1344 1933 .ij.

1106 1973 1150 2019 (I
1192 1969 1476 2023 Proefhntatio
1515 1969 1683 2010 Mariae
1719 1967 1913 2022 virginis

1163 2029 1319 2083 duplex
1367 2028 1522 2070 mains.
1592 2027 1677 2068 Ad
1723 2026 1915 2080 vqsperas

1162 2087 1360 2140 hymnus.

1163 2156 1266 2198 Aue
1289 2155 1423 2197 maris
1445 2153 1598 2196 stella⁸.

1430 2246 1595 2288 Oratio.

1117 2323 1295 2407 DEus
1324 2322 1399 2376 qui
1426 2320 1621 2363 san&am
1644 2326 1768 2362 tuam
1788 2319 1912 2375 geni-

1235 2381 1389 2422 tricem
1416 2379 1750 2421 tabernaculum
1777 2376 1914 2420 sanc'ti

1112 2439 1302 2493 Spiritus
1317 2438 1412 2492 post
1429 2438 1666 2479 triennium
1685 2437 1729 2477 in
1744 2436 1914 2490 templo

1111 2498 1182 2538 dei
1219 2496 1471 2550 praesentari
1507 2495 1679 2537 voluisti
1714 2510 1723 2535 z
1757 2493 1915 2548 praesta.

1111 2555 1359 2608 quaesumus
1381 2560 1453 2595 :vt
1475 2554 1548 2607 qui
1566 2553 1659 2594 eius
1682 2552 1917 2606 praesenta-

1111 2613 1244 2654 tionis
1259 2612 1366 2653 festa
1379 2611 1626 2659 recolimus,
1639 2610 1769 2664 ipfius
1782 2610 1916 2651 inter-

1112 2671 1296 2712 cesfione
1310 2669 1367 2710 ad
1385 2668 1615 2723 templum,
1632 2668 1706 2722 qui
1722 2667 1915 2710 Christus

1113 2728 1184 2778 est,
1217 2728 1261 2768 in
1294 2727 1456 2768 coelesti
1492 2727 1633 2781 gloria
1665 2724 1916 2780 praesentari

1114 2799 1362 2828 mereamur
1383 2799 1392 2827 :
1414 2785 1489 2839 qui
1511 2785 1623 2826 viuis
1646 2790 1725 2826 etc.

1188 2902 1200 2924 ‘³
1226 2902 1287 2937 die
1309 2901 1360 2937 18.
1381 2902 1421 2936 in
1441 2913 1486 2936 m.

1187 2949 1202 2972 ⁵
1227 2949 1287 2984 die
1309 2959 1359 2994 19.
1378 2949 1420 2983 in
1438 2959 1485 2983 m.

1187 2996 1201 3018 ⁰
1214 2997 1289 3042 sol.
1310 2997 1377 3032 vlt.
1409 3007 1416 3032 ε
1442 2995 1526 3030 add.
1547 2995 1590 3030 A.
