2066 3392
0 2117 4 2190 l

0 2195 5 2262 l

0 2273 3 2301 Ι

0 2310 2 2366 g

874 196 946 230 No
954 196 1173 230 VEMBER.
1772 185 1864 237 -169

186 279 321 317 uerat.
383 273 497 328 Quae
528 274 751 317 dedicatio
782 272 900 316 faeta
927 273 989 316 est

185 333 342 386 quinto
393 334 491 375 idus
543 333 823 375 Nouembris.
899 332 989 374 Hic

184 403 362 444 quoque
390 390 594 445 pontifex
625 397 784 445 quarto
815 390 990 432 decimo

185 447 394 490 calendas
429 449 677 491 decembris
710 449 826 490 Petri
865 448 990 502 apos-

185 505 378 548 tolorum
412 507 623 561 principis
659 506 882 548 basilicam
914 506 990 547 de-

186 563 365 614 dicauit,
400 571 446 606 et
496 564 777 606 consecrauit.
839 563 988 618 Quam

187 621 306 664 idern
317 622 328 641 ¹
347 623 588 677 imperator
604 623 648 663 in
661 622 882 664 Vaticano
900 635 988 663 non

186 679 319 734 longe
349 681 406 722 ab
428 680 655 735 Apollinis
683 680 854 734 templo
883 680 990 721 aedi-

185 737 346 788 ficauit,
366 739 553 788 ornauit,
569 745 614 780 et
628 738 803 780 dotauit
818 737 990 792 magni-

186 795 278 837 ficis
315 797 583 844 muneribus,
621 802 666 837 et
699 796 988 850 prouentibus

186 855 370 908 magnis.
431 854 580 896 Tanta
601 854 719 895 enim
742 854 824 895 fuit
845 854 989 908 pietas

185 912 230 953 in
273 912 492 955 Christum
533 919 668 966 atque
708 911 818 953 fides
859 911 989 953 huius

185 970 474 1024 imperatoris,
506 977 554 1012 vt
594 983 682 1011 non
715 969 854 1011 solum
896 969 987 1018 has,

184 1028 240 1069 de
266 1028 425 1082 quibus
453 1029 662 1078 diximus,
685 1027 894 1077 basilicas,
916 1027 988 1068 sed

184 1086 348 1127 multas
378 1093 590 1140 praeterea
620 1085 854 1140 magnifice
883 1085 988 1126 aedi-

184 1143 394 1194 ficauerit‚
425 1144 708 1198 censlbusque
751 1143 986 1185 dotauerit.

185 1202 246 1243 Et
277 1203 320 1243 in
353 1202 420 1243 his
453 1202 575 1244 Pauli
604 1202 825 1243 basilicam
853 1202 895 1242 in
917 1202 989 1242 via

185 1259 365 1302 ostiensi.
414 1260 642 1302 Basilicam
667 1257 827 1300 sanffiae
849 1259 988 1300 crucis

184 1318 228 1359 in
263 1318 499 1360 Ierusalem
526 1319 571 1359 in
602 1318 715 1359 atrio
746 1317 987 1358 sessoriano.

185 1376 415 1418 Bafilicam
438 1374 572 1417 santsti
604 1375 830 1429 Laurentij
860 1381 990 1416 extra

185 1448 334 1476 muros
382 1435 426 1476 in
478 1448 585 1489 agro
626 1434 821 1475 Veranio
863 1433 989 1487 super

183 1492 431 1534 arenarium
464 1498 645 1546 cryptae.
706 1491 782 1532 Ad
815 1491 911 1532 haec
943 1491 987 1531 in

183 1551 256 1591 via
292 1550 517 1592 Labicana
548 1550 662 1591 inter
691 1550 803 1591 duas
841 1548 988 1590 lauros

184 1608 403 1650 basilicam
436 1607 685 1649 Marcellini
713 1606 987 1662 praesbyteri,

185 1673 231 1708 et
282 1667 398 1708 Petri
440 1665 682 1716 exorcistae,
722 1671 770 1707 vt
816 1671 988 1706 caeterae

185 1731 428 1775 taceantur,
481 1737 581 1778 quae
634 1723 742 1765 iussu
793 1723 988 1764 eiusdem

184 1783 342 1837 optimi
372 1782 650 1837 imperatoris
679 1781 722 1822 in
755 1780 853 1835 alijs
874 1781 989 1822 vrbi-

183 1841 267 1883 bus
317 1841 492 1882 suerunt
543 1839 788 1881 aedificatae.
851 1838 989 1881 Cuius

183 1899 395 1953 exemplo
418 1897 580 1939 multas
602 1897 752 1952 postea
770 1897 828 1951 pij
846 1896 989 1939 Chris-

182 1957 292 1999 tiani
333 1970 413 2011 per
443 1956 596 1998 orbem
631 1955 905 1997 aedificarunt
946 1960 990 1996 et

183 2015 500 2057 consecrarunt.

241 2108 286 2154 (I
309 2105 543 2147 Martinus
562 2104 771 2158 episcopus
787 2103 993 2157 confcffor

183 2164 339 2218 duplex
358 2164 512 2205 minus.
577 2161 742 2204 Oratio.

193 2238 383 2322 DEus,
413 2239 487 2293 qui
529 2236 756 2292 conspicis,
789 2236 894 2291 quia
931 2249 988 2276 ex

305 2297 427 2339 nulla
458 2296 602 2338 nostra
622 2296 783 2337 virtute
810 2293 990 2335 subs1sti-

186 2369 283 2397 mus
318 2369 327 2397 :
358 2355 553 2396 concede
586 2353 815 2407 propitiuS,
846 2358 893 2393 vt
925 2352 989 2392 in-

183 2414 435 2455 tercesiione
484 2412 603 2453 beati
656 2410 832 2452 martini
884 2422 987 2450 con-

184 2471 347 2514 fessoris
375 2471 451 2520 tui,
474 2476 608 2523 atque
630 2467 864 2523 pontificiS,
885 2481 989 2508 con-

183 2536 251 2572 tra
287 2529 438 2571 omnia
473 2527 656 2569 aduersa
694 2525 947 2568 muniamur
979 2540 988 2566 ε

183 2601 263 2643 per
283 2587 527 2628 dominum.

183 2681 229 2728 (I
252 2677 335 2720 Ad
355 2676 619 2718 matutinum
649 2671 984 2716 inm'tatorium'.

243 2753 500 2795 Laudemus
536 2751 670 2792 deum
707 2749 901 2792 nostrum
939 2749 982 2791 in

183 2811 446 2854 consessione
468 2808 587 2851 beati
610 2808 798 2851 martini.

253 2969 264 2991 ¹
318 2967 445 3003 uidem
469 2978 476 3001 z
497 2966 534 3001 P.
555 2966 598 3001 A.

253 3017 267 3039 ²
319 3016 353 3052 ie
375 3024 410 3050 ιι
433 3014 474 3049 in
492 3024 539 3049 m.

1301 321 1448 364 Lec‘lio
1480 322 1620 364 tertia.

1065 431 1159 515 M
1171 430 1360 473 Artinus
1370 430 1568 473 Sabariae
1585 431 1860 485 natus(qu0d
1907 433 1910 436 ⁴

1199 490 1415 544 oppidum
1435 489 1495 530 est
1515 489 1743 537 Panoniae)
1760 503 1861 530 cum

1055 547 1160 589 esset
1182 561 1398 588 annorum
1421 548 1576 588 decern
1605 547 1754 588 inuitis
1785 561 1863 601 pa-

1055 606 1255 647 rentibus
1291 606 1347 647 ad
1385 605 1610 646 ecclesiam
1648 605 1860 658 confugit,

1055 663 1185 717 seque
1207 663 1565 704 cathecuminum
1593 662 1685 704 fieri
1715 663 1862 717 postu-

1055 721 1174 763 lauit.
1238 721 1586 776 Quintodecimo
1617 735 1722 763 vero
1753 727 1860 762 aeta-

1055 780 1113 820 tis
1147 793 1265 820 anno
1300 779 1341 820 se
1372 780 1475 820 vitae
1509 779 1687 820 militari
1724 779 1858 821 dedit.

1057 837 1205 891 Quam
1238 838 1430 891 primum
1461 837 1537 878 sub
1568 837 1860 879 Constantino

1054 896 1187 950 gesfit‚
1218 896 1381 936 deinde
1413 895 1488 936 sub
1522 895 1708 937 Iuliano.
1772 895 1860 936 Hic

1054 967 1155 994 cum
1183 953 1290 1010 nihil
1321 959 1481 1007 praeter
1505 967 1639 1003 arma,
1660 959 1705 994 et
1725 966 1860 994 vnarn

1054 1011 1217 1052 vestem
1250 1012 1492 1065 possideret,
1524 1011 1706 1065 pauperi
1739 1011 1860 1052 nudo

1056 1069 1213 1111 Christi
1243 1069 1422 1110 nomine
1449 1069 1772 1123 eleemosynam
1802 1069 1859 1110 ab

1055 1127 1096 1168 se
1126 1127 1427 1168 miserabiliter
1456 1128 1625 1182 petenti
1655 1127 1698 1167 in
1731 1133 1860 1181 porta

1055 1185 1337 1235 ambianensi,
1378 1186 1612 1226 dimidium
1662 1185 1860 1238 chlamy-

1055 1243 1122 1284 dis
1151 1243 1301 1297 gladio
1333 1243 1469 1284 diuise
1501 1243 1665 1293 tribuit,
1690 1243 1860 1297 reliqua

1055 1307 1181 1354 parte
1203 1302 1258 1342 ad
1289 1301 1329 1342 se
1358 1302 1598 1354 tegendum
1629 1301 1858 1343 reseruata.

1056 1358 1143 1412 Qui
1193 1357 1324 1401 nmste
1366 1359 1598 1400 consecuta
1639 1358 1858 1401 Christum

1054 1417 1205 1458 vidisse
1280 1423 1550 1458 memoratur
1625 1417 1860 1458 dimidiata

1054 1474 1182 1524 veste,
1211 1489 1346 1529 quarn
1380 1476 1415 1516 is
1447 1475 1629 1529 pauperi
1660 1475 1859 1524 dederat,

1055 1533 1261 1574 indutum
1283 1547 1291 1574 z
1313 1540 1358 1574 et
1380 1533 1615 1582 dicentem,
1639 1533 1860 1574 Martinus

1055 1591 1389 1632 cathecuminus
1417 1591 1500 1632 hac
1526 1605 1597 1632 me
1619 1590 1734 1632 veste
1756 1605 1860 1632 con-

1054 1649 1182 1690 texit.
1236 1649 1381 1690 Natus
1403 1663 1507 1690 vero
1529 1662 1670 1690 annos
1692 1649 1781 1690 duo
1803 1649 1859 1690 de

1054 1707 1212 1761 viginti
1253 1707 1522 1761 baptismum
1565 1707 1754 1761 excepit,
1795 1721 1859 1748 re-

1056 1763 1249 1819 lictaque
1278 1765 1436 1806 militia
1464 1766 1520 1806 ad
1551 1762 1747 1806 sanctum
1777 1765 1861 1806 Hi-

1056 1822 1213 1864 larium
1255 1821 1567 1877 piEtauiensem
1605 1823 1859 1877 episcopum

1056 1881 1264 1935 perrexit,
1286 1895 1311 1922 a
1334 1895 1424 1935 quo
1446 1881 1506 1922 est
1535 1881 1722 1922 acolitus
1743 1881 1860 1922 ordi-

1056 1945 1199 1980 natus.
1261 1939 1455 1980 Demum
1479 1939 1535 1980 ad
1559 1939 1858 1992 episcopatum

1056 1997 1299 2038 turonensis
1317 1996 1504 2038 ecclefiae
1527 1996 1683 2038 ascitus
1706 2010 1859 2038 mona-

1057 2054 1231 2095 sterium
1249 2054 1486 2095 aedificauit
1498 2054 1585 2095 .vbi
1601 2068 1700 2095 cum
1716 2054 1859 2097 ‚lxxx

1057 2112 1263 2153 fratribus
1296 2110 1551 2153 sanffisfime
1580 2113 1746 2166 degens
1780 2113 1860 2153 mi-

1057 2170 1215 2211 raculis
1256 2169 1422 2211 claruit.
1504 2170 1707 2211 Tandem
1750 2170 1859 2212 febri

1056 2234 1283 2281 correptus
1321 2241 1422 2268 cum
1459 2228 1623 2269 assidua
1660 2229 1860 2270 oratione

1058 2285 1288 2333 Christum,
1312 2292 1359 2327 vt
1390 2285 1430 2327 se
1460 2286 1682 2339 reciperet,
1710 2299 1859 2340 preca-

1057 2350 1186 2393 retur,
1228 2343 1449 2397 discipulis
1497 2343 1859 2394 acclamantibus,

1057 2401 1148 2444 Cur
1178 2414 1258 2442 nos
1289 2408 1416 2456 pater
1443 2401 1633 2443 deseris?
1670 2415 1747 2443 cur
1778 2415 1859 2443 nos

1057 2459 1233 2500 miseros
1291 2459 1591 2513 derelinquis?
1672 2459 1859 2501 Concla-

1056 2517 1208 2568 maun,
1232 2517 1426 2558 Domine
1455 2515 1504 2557 s1⁸
1526 2516 1671 2558 adhuc
1693 2517 1860 2572 populo

1054 2581 1133 2617 tuo
1165 2575 1255 2616 sum
1289 2575 1559 2625 necessarius,
1590 2588 1677 2616 non
1710 2575 1859 2616 recuso

1055 2632 1265 2682 laborem,
1298 2632 1374 2674 fiat
1405 2632 1610 2674 voluntas
1649 2639 1736 2675 tua.
1799 2633 1859 2675 Et

1054 2691 1161 2732 dum
1180 2690 1275 2731 haec
1293 2690 1555 2745 loqueretur,
1570 2691 1747 2732 beatam
1766 2691 1859 2732 ani-

1054 2762 1174 2790 mam
1214 2747 1379 2790 efflauit
1413 2747 1482 2803 ,iij.
1522 2749 1619 2791 idus
1662 2749 1860 2791 Nouem-

1053 2805 1152 2848 bris.

1131 2962 1146 2985 ³
1171 2974 1194 2998 a
1215 2974 1222 2998 ε
1242 2962 1326 2998 add.
1348 2962 1389 2997 Α.
