2066 3392
869 213 912 247 N
911 214 939 247 0
947 214 1011 247 VE
1010 215 1122 248 MBE
1123 217 1167 248 R.

188 286 353 330 ibidem
381 289 734 344 disseminassent,
756 305 858 347 rege
888 305 990 334 cum

188 345 454 399 primoribus
487 350 727 402 prouinciae
760 351 818 392 ad
855 349 990 392 fidem

191 402 347 446 Christi
384 407 612 457 conuersis,
647 408 691 449 in
731 407 862 451 Sanir
897 408 992 449 eius
1031 418 1040 425 ·

189 461 380 515 regionis
408 464 525 514 vrbe,
553 479 654 519 quae
682 465 791 508 dxx.
813 464 991 520 pontifi-

188 532 290 560 cum
324 520 542 564 idolorum
575 524 850 565 domicilium
885 529 993 573 erat,

188 578 308 631 apud
330 580 554 633 quendam
578 581 700 623 suum
729 581 991 636 discipulum

190 635 354 678 Senem
377 638 556 679 nomine
577 640 862 681 diuerterunt.
902 639 992 681 Vbi

189 707 215 735 a
236 694 521 747 pontificibus
546 711 646 738 cum
677 697 794 739 Sene
822 697 993 752 hospite

189 753 488 806 comprehensi
511 761 555 796 et
577 755 632 796 ad
660 755 759 796 solis
787 755 994 809 lunaeque

189 809 380 864 effigiem
441 813 715 854 adorandam
778 811 993 862 abstracffl,

189 868 338 922 palam
360 870 567 911 omnibus
594 872 816 913 dixerunt.
881 872 994 912 Haec

190 925 288 967 solis
303 926 508 981 lunaeque
521 927 870 971 fimulacravana
884 928 993 979 sunt,

190 989 235 1025 et
266 984 483 1026 malorum
516 987 773 1028 daemonum
811 987 995 1028 domici-

190 1041 312 1092 lium,
333 1044 452 1096 quod
483 1044 570 1085 iarn
603 1045 676 1098 ipsi
707 1045 992 1099 cognoscetis,

193 1100 252 1142 Et
274 1101 468 1142 conuersi
498 1102 554 1143 ad
585 1103 750 1156 effigies
782 1103 994 1144 Iubemus

190 1158 434 1212 (inquiunt)
456 1173 535 1202 vos
558 1160 736 1201 nefandi
766 1161 994 1202 daemones

191 1216 235 1257 in
267 1216 423 1259 Christi
454 1219 645 1266 nomine,
668 1225 716 1260 vt
742 1218 810 1259 his
840 1219 996 1272 imagi-

192 1274 321 1315 nibus
354 1274 589 1317 confraffis
625 1277 669 1317 in
705 1276 859 1318 tartari
895 1290 996 1330 pro-

193 1332 378 1374 fundam
408 1333 554 1375 sedem
583 1334 734 1376 vestris
764 1334 996 1375 sceleribus

192 1391 533 1433 conuenientem
614 1392 822 1446 migretis.
918 1391 994 1433 Ad

190 1461 326 1502 quarn
348 1463 502 1490 vocem
525 1450 752 1491 daemones
773 1463 874 1491 cum
897 1450 996 1490 hor-

193 1507 331 1548 rendo
355 1506 535 1561 strepitu
561 1506 798 1549 confrafitis
832 1507 998 1557 statuis,

109 1605 116 1610 ,
192 1570 298 1606 ante
324 1565 591 1607 adstantium
614 1565 766 1607 oculos
796 1579 875 1620 per
895 1579 998 1607 aera

193 1622 460 1664 dilabuntur.
529 1624 625 1667 Nec
666 1630 818 1665 tamen
860 1624 998 1678 impia

193 1686 238 1722 et
259 1681 461 1735 peruersa
483 1681 741 1736 pontificum
760 1695 884 1723 mens
903 1688 998 1723 tam

194 1739 358 1793 apertis
391 1739 521 1792 fignis
554 1740 713 1781 rediuit
747 1740 803 1781 ad
841 1739 999 1780 sanita-

193 1802 298 1847 tem,
309 1796 380 1838 sed
395 1798 451 1838 ad
468 1797 576 1839 iram
593 1795 710 1839 saGta
725 1798 998 1847 concitatior,

194 1855 314 1909 quod
338 1854 433 1896 suos
455 1855 563 1897 deos
585 1855 787 1897 viderent
809 1856 866 1897 ab
891 1869 998 1909 apo-

195 1912 315 1954 stolis
331 1913 482 1954 haberi
501 1913 701 1962 ludibrio,
719 1920 763 1955 et
781 1913 997 1968 populum

195 1971 417 2012 miraculis
439 1971 612 2021 adduci,
631 1971 776 2013 statim
799 1985 875 2012 eos
897 1985 997 2012 curn

197 2028 314 2071 Sene
344 2029 488 2083 plagis
519 2029 576 2070 ad
609 2043 761 2071 necem
798 2028 998 2070 consece-

195 2093 308 2128 runt.
380 2086 441 2128 Et
481 2086 566 2128 hoc
610 2087 792 2141 quidem
837 2100 999 2141 genere

197 2144 393 2198 martyrij
420 2159 466 2186 .v.
493 2144 701 2186 calendas
731 2145 1000 2186 Nouembris

195 2203 394 2244 coronati
427 2201 523 2244 sunt
559 2202 730 2257 Symon
769 2208 813 2244 et
852 2202 1000 2252 Iudas,

195 2259 320 2301 cuius
353 2266 482 2301 extat
514 2273 601 2301 vna
635 2274 771 2314 parua
805 2259 998 2314 epistola,

196 2331 297 2372 quae
320 2317 434 2359 inter
454 2317 619 2372 septem
648 2317 891 2359 catholicas
920 2331 998 2359 nu-

198 2381 402 2418 meratur.

343 2501 388 2548 (I
411 2498 651 2540 Marcellus
672 2504 850 2551 martyr.

429 2598 574 2641 Lec‘i'io
595 2598 722 2641 tertia
734 2597 757 2641 ¹.

207 2673 519 2758 MArcellus
562 2673 742 2714 natione
783 2671 1004 2727 hispanus,

344 2732 487 2786 patria
529 2730 800 2785 legionenfis,
836 2744 935 2772 cum
978 2744 1005 2772 a

198 2790 290 2832 vita
322 2789 511 2838 militari,
533 2802 667 2842 quam
699 2788 848 2829 multis
877 2788 1005 2829 annis

200 2848 400 2890 centurio
439 2847 637 2901 gesserat,
671 2846 927 2895 discessisset,
958 2852 1005 2888 vt

199 2919 302 2948 vera
352 2905 563 2959 religione
613 2910 797 2958 accepta
847 2903 1006 2946 christo

1786 200 1861 253 165

1060 293 1339 335 commodius
1366 292 1602 342 inseruiret,
1627 292 1867 334 Diocletia-

1060 365 1119 393 no
1148 358 1192 393 et
1215 351 1496 393 Maximiano
1525 351 1865 404 imperatoribus

1061 409 1289 451 accusatus
1330 409 1392 450 est
1432 423 1486 450 eo
1528 409 1708 450 nomine
1744 408 1864 461 apud

1060 466 1320 521 praese&um
1354 467 1661 508 Fortunatum.
1710 465 1793 507 Cui
1825 464 1867 506 se

1061 532 1276 579 tanquam
1313 524 1483 566 militiae
1524 524 1788 566 desertorem
1822 529 1867 564 et

1061 583 1274 625 cultorem
1306 597 1435 624 nouae
1462 582 1774 637 superstitionis
1804 581 1868 622 ln-

1062 641 1241 691 cusanti,
1256 641 1373 684 clara
1395 655 1502 683 voce
1524 641 1565 682 se
1587 639 1869 681 christianum

1063 700 1148 740 esse
1170 700 1394 753 respondit
1419 713 1428 741 ε
1450 707 1496 740 et
1526 698 1698 741 Christo
1724 697 1868 746 malle,

1065 771 1201 811 quam
1235 758 1419 799 terrenis
1451 756 1722 812 principibus
1755 755 1868 796 mili-

1062 821 1166 857 tare.
1231 815 1332 869 Quo
1361 815 1564 869 responso
1597 814 1868 855 Fortunatus

1064 874 1127 915 ira
1157 873 1392 923 succensus,
1413 871 1611 915 vinetum
1633 885 1734 913 eum
1761 871 1868 912 Tin-

1063 932 1155 985 gim
1173 932 1388 986 oppidum
1405 931 1686 972 Mauritaniae
1699 930 1755 971 ad
1774 929 1870 983 Ag-

1064 989 1307 1031 ricolanum
1340 989 1568 1043 praesidem
1601 988 1739 1030 mittit
1774 1002 1782 1028 z
1809 987 1870 1028 ei-

1064 1061 1151 1101 que
1180 1062 1258 1102 per
1284 1048 1434 1089 literas
1464 1046 1664 1089 Marcelli
1691 1045 1867 1087 causam

1064 1106 1264 1160 exponit.
1326 1105 1430 1160 Qua
1469 1105 1648 1159 cognita
1681 1103 1870 1157 Agrico-

1064 1163 1192 1205 lanus
1213 1163 1501 1205 confitentem
1529 1161 1803 1211 Marcellum,
1825 1167 1870 1202 et

1064 1221 1108 1262 in
1124 1221 1210 1263 fide
1225 1221 1381 1264 Christi
1397 1221 1749 1276 perseuerantem
1767 1233 1870 1273 cap-

1064 1279 1125 1321 ite
1139 1280 1382 1322 damnauit.
1397 1277 1728 1333 Occisusqueest
1742 1290 1872 1331 quar-

1064 1343 1112 1379 to
1152 1337 1362 1379 calendas
1408 1336 1672 1378 nouembris.
1735 1336 1871 1378 Cuius

1066 1402 1256 1437 mortem
1288 1395 1524 1436 duodecim
1554 1395 1646 1436 eius
1678 1392 1753 1448 filij
1789 1392 1872 1434 sus-

1066 1460 1197 1508 cepto
1229 1454 1442 1507 martyrio
1473 1452 1650 1495 diuersis
1687 1452 1731 1493 in
1764 1450 1872 1493 locis
1938 1452 1942 1457 '

1066 1512 1249 1553 emulati
1272 1512 1356 1553 esse
1378 1517 1690 1552 memorantur.

1337 1621 1392 1661 N
1388 1619 1592 1661 ottember.

1125 1713 1170 1759 (I
1193 1710 1364 1766 Festum
1386 1709 1579 1752 omnium
1609 1709 1872 1752 Satzc‘lorum

1065 1769 1220 1823 duplex
1258 1769 1402 1811 maius
1433 1775 1474 1810 et
1505 1767 1632 1810 habet
1662 1773 1870 1808 octauam.

1064 1827 1148 1869 Ad
1164 1828 1365 1882 vespera&

1360 1902 1577 1955 Hymnus,

1069 1975 1297 2061 CHriste
1358 1977 1614 2029 redemptor
1673 1973 1874 2016 omnium

1169 2033 1391 2076 Conserua
1413 2040 1512 2075 tuos
1530 2032 1719 2074 famulos
1738 2048 1746 2073 :
1765 2033 1876 2072 Bea-

1067 2098 1126 2134 tae
1148 2092 1318 2146 semper
1330 2092 1510 2145 virginis
1530 2091 1734 2132 Placatus
1756 2089 1874 2131 sanc-

1069 2150 1126 2192 tis
1148 2150 1361 2204 precibus.
1830 2154 1834 2158 '

1129 2209 1267 2249 Beata
1292 2221 1471 2261 quoque
1501 2206 1682 2260 agmina
1712 2204 1876 2248 Coeles-

1069 2266 1181 2308 tium
1225 2265 1453 2319 spirituum
1492 2264 1731 2314 Praeterita,
1764 2277 1877 2318 prae-

1069 2324 1217 2373 sentia,
1242 2324 1407 2364 Futura
1430 2322 1547 2364 mala
1569 2322 1731 2376 pellite.

1129 2382 1268 2423 Vates
1300 2381 1454 2422 aeterni
1487 2381 1653 2430 iudicis,
1684 2379 1876 2434 Aposto-

1073 2440 1192 2494 lique
1221 2439 1389 2480 domini
1420 2438 1691 2493 Suppliciter
1719 2437 1877 2492 expos-

1073 2499 1227 2547 cimus,
1252 2496 1424 2539 Saluari
1447 2496 1596 2538 vestris
1619 2496 1831 2551 precibus.

1133 2556 1355 2610 Martyres
1386 2555 1457 2596 dei
1500 2554 1666 2608 inclyti,
1698 2553 1879 2597 Confes-

1075 2613 1272 2667 soresque
1324 2612 1456 2654 lucidi
1500 2612 1665 2654 Vestris
1716 2612 1879 2654 oratio-

1073 2671 1202 2713 nibus
1226 2671 1320 2712 Nos
1343 2671 1451 2712 ferte
1474 2671 1516 2711 in
1539 2670 1800 2712 coelestibus.

1133 2729 1266 2771 Chori
1336 2727 1584 2770 sanstarum
1644 2729 1877 2781 virginum,

1075 2786 1488 2840 Monachorumque
1529 2786 1730 2828 omnium
1767 2799 1775 2827 :
1809 2786 1878 2828 Si-

1076 2845 1166 2886 mul
1199 2858 1300 2886 cum
1334 2842 1490 2885 sanetis
1522 2844 1727 2886 omnibus
1760 2844 1879 2887 Con-

1077 2902 1211 2945 sortes
1232 2902 1374 2944 christi
1399 2902 1538 2945 facite.

883 3032 894 3055 ¹
921 3033 981 3069 die
1001 3042 1046 3079 29
1063 3033 1102 3067 iu
1122 3044 1168 3068 m.
