<?xml version="1.0" encoding="UTF-8"?>
<!DOCTYPE html PUBLIC "-//W3C//DTD XHTML 1.0 Transitional//EN"
    "http://www.w3.org/TR/xhtml1/DTD/xhtml1-transitional.dtd">
<html xmlns="http://www.w3.org/1999/xhtml" xml:lang="en" lang="en">
 <head>
  <title>
</title>
<meta http-equiv="Content-Type" content="text/html;charset=utf-8" />
  <meta name='ocr-system' content='tesseract 3.04.00' />
  <meta name='ocr-capabilities' content='ocr_page ocr_carea ocr_par ocr_line ocrx_word'/>
</head>
<body>
  <div class='ocr_page' id='page_1' title='image "./breviariumromanu00quiuoft/breviariumromanu00quiuoft_0076.png"; bbox 0 0 2066 3392; ppageno 0'>
   <div class='ocr_carea' id='block_1_1' title="bbox 197 212 1306 258">
    <p class='ocr_par' dir='ltr' id='par_1_1' title="bbox 197 212 1306 258">
     <span class='ocr_line' id='line_1_1' title="bbox 197 212 1306 258; baseline -0.004 2"><span class='ocrx_word' id='word_1_1' title='bbox 197 212 248 253; x_wconf 87' lang='lat'>16</span> <span class='ocrx_word' id='word_1_2' title='bbox 729 226 889 258; x_wconf 80' lang='lat' dir='ltr'><em>SABBA</em></span> <span class='ocrx_word' id='word_1_3' title='bbox 900 225 960 258; x_wconf 81' lang='lat' dir='ltr'>To</span> <span class='ocrx_word' id='word_1_4' title='bbox 990 225 1062 256; x_wconf 85' lang='lat' dir='ltr'>AD</span> <span class='ocrx_word' id='word_1_5' title='bbox 1093 225 1155 256; x_wconf 78' lang='lat' dir='ltr'>LA</span> <span class='ocrx_word' id='word_1_6' title='bbox 1166 225 1306 258; x_wconf 81' lang='lat' dir='ltr'><em>UDES.</em></span> 
     </span>
    </p>
   </div>
   <div class='ocr_carea' id='block_1_2' title="bbox 391 332 809 386">
    <p class='ocr_par' dir='ltr' id='par_1_2' title="bbox 391 332 809 386">
     <span class='ocr_line' id='line_1_2' title="bbox 391 332 809 386; baseline -0.005 -10"><span class='ocrx_word' id='word_1_7' title='bbox 391 332 615 376; x_wconf 81' lang='lat' dir='ltr'><em>Canticum</em></span> <span class='ocrx_word' id='word_1_8' title='bbox 638 332 781 386; x_wconf 81' lang='lat' dir='ltr'><em>Moysi</em></span> <span class='ocrx_word' id='word_1_9' title='bbox 788 332 809 374; x_wconf 87' lang='lat'>¹.</span> 
     </span>
    </p>
   </div>
   <div class='ocr_carea' id='block_1_3' title="bbox 197 417 1009 2950">
    <p class='ocr_par' dir='ltr' id='par_1_3' title="bbox 197 417 999 518">
     <span class='ocr_line' id='line_1_3' title="bbox 197 417 999 500; baseline 0.001 -42"><span class='ocrx_word' id='word_1_10' title='bbox 197 417 395 500; x_wconf 75' lang='lat' dir='ltr'>AVdite</span> <span class='ocrx_word' id='word_1_11' title='bbox 415 417 510 460; x_wconf 86' lang='lat' dir='ltr'>caeli</span> <span class='ocrx_word' id='word_1_12' title='bbox 533 432 632 472; x_wconf 84' lang='lat' dir='ltr'>quae</span> <span class='ocrx_word' id='word_1_13' title='bbox 651 417 807 472; x_wconf 90' lang='lat' dir='ltr'>loquor</span> <span class='ocrx_word' id='word_1_14' title='bbox 825 418 999 459; x_wconf 81' lang='lat' dir='ltr'>:audiat</span> 
     </span>
     <span class='ocr_line' id='line_1_4' title="bbox 311 475 812 518; baseline -0.002 -1"><span class='ocrx_word' id='word_1_15' title='bbox 311 482 427 518; x_wconf 89' lang='lat' dir='ltr'>terra</span> <span class='ocrx_word' id='word_1_16' title='bbox 448 475 582 517; x_wconf 89' lang='lat' dir='ltr'>verba</span> <span class='ocrx_word' id='word_1_17' title='bbox 603 476 690 516; x_wconf 90' lang='lat' dir='ltr'>oris</span> <span class='ocrx_word' id='word_1_18' title='bbox 713 476 812 517; x_wconf 88' lang='lat' dir='ltr'>mei.</span> 
     </span>
    </p>

    <p class='ocr_par' dir='ltr' id='par_1_4' title="bbox 197 530 1000 692">
     <span class='ocr_line' id='line_1_5' title="bbox 258 530 1000 588; baseline -0.001 -13"><span class='ocrx_word' id='word_1_19' title='bbox 258 533 519 576; x_wconf 90' lang='lat' dir='ltr'>Concrescat</span> <span class='ocrx_word' id='word_1_20' title='bbox 557 534 600 574; x_wconf 93' lang='lat' dir='ltr'>in</span> <span class='ocrx_word' id='word_1_21' title='bbox 645 530 866 588; x_wconf 77' lang='lat' dir='ltr'>pluuiam²</span> <span class='ocrx_word' id='word_1_22' title='bbox 896 533 1000 574; x_wconf 92' lang='lat' dir='ltr'>doc-</span> 
     </span>
     <span class='ocr_line' id='line_1_6' title="bbox 197 590 1000 645; baseline -0.001 -12"><span class='ocrx_word' id='word_1_23' title='bbox 197 592 313 634; x_wconf 90' lang='lat' dir='ltr'>trina</span> <span class='ocrx_word' id='word_1_24' title='bbox 335 605 435 633; x_wconf 92' lang='lat' dir='ltr'>mea</span> <span class='ocrx_word' id='word_1_25' title='bbox 457 607 465 633; x_wconf 93' lang='lat'><strong>:</strong></span> <span class='ocrx_word' id='word_1_26' title='bbox 487 591 596 633; x_wconf 87' lang='lat' dir='ltr'>fluat</span> <span class='ocrx_word' id='word_1_27' title='bbox 612 598 660 633; x_wconf 89' lang='lat' dir='ltr'>vt</span> <span class='ocrx_word' id='word_1_28' title='bbox 682 605 752 633; x_wconf 89' lang='lat' dir='ltr'>ros</span> <span class='ocrx_word' id='word_1_29' title='bbox 775 590 1000 645; x_wconf 88' lang='lat' dir='ltr'>eloquium</span> 
     </span>
     <span class='ocr_line' id='line_1_7' title="bbox 200 663 361 692; baseline 0.012 -2"><span class='ocrx_word' id='word_1_30' title='bbox 200 663 361 692; x_wconf 88' lang='lat' dir='ltr'>meum.</span> 
     </span>
    </p>

    <p class='ocr_par' dir='ltr' id='par_1_5' title="bbox 197 706 1003 872">
     <span class='ocr_line' id='line_1_8' title="bbox 257 706 1001 762; baseline -0.001 -14"><span class='ocrx_word' id='word_1_31' title='bbox 257 707 388 762; x_wconf 78' lang='lat' dir='ltr'>Quasi</span> <span class='ocrx_word' id='word_1_32' title='bbox 415 707 557 748; x_wconf 85' lang='lat' dir='ltr'><strong>imber</strong></span> <span class='ocrx_word' id='word_1_33' title='bbox 586 707 713 761; x_wconf 88' lang='lat' dir='ltr'>super</span> <span class='ocrx_word' id='word_1_34' title='bbox 742 706 924 748; x_wconf 85' lang='lat' dir='ltr'>herbam</span> <span class='ocrx_word' id='word_1_35' title='bbox 957 713 1001 748; x_wconf 90' lang='lat' dir='ltr'>et</span> 
     </span>
     <span class='ocr_line' id='line_1_9' title="bbox 197 765 1003 820; baseline -0.001 -14"><span class='ocrx_word' id='word_1_36' title='bbox 197 766 316 820; x_wconf 76' lang='lat' dir='ltr'>quasi</span> <span class='ocrx_word' id='word_1_37' title='bbox 338 765 462 807; x_wconf 85' lang='lat' dir='ltr'>stillae</span> <span class='ocrx_word' id='word_1_38' title='bbox 488 765 615 819; x_wconf 89' lang='lat' dir='ltr'>super</span> <span class='ocrx_word' id='word_1_39' title='bbox 634 765 847 818; x_wconf 85' lang='lat' dir='ltr'>gramina.</span> <span class='ocrx_word' id='word_1_40' title='bbox 898 765 1003 819; x_wconf 89' lang='lat' dir='ltr'>quia</span> 
     </span>
     <span class='ocr_line' id='line_1_10' title="bbox 199 822 806 872; baseline -0.003 -7"><span class='ocrx_word' id='word_1_41' title='bbox 199 837 361 865; x_wconf 91' lang='lat' dir='ltr'>nomen</span> <span class='ocrx_word' id='word_1_42' title='bbox 384 823 553 865; x_wconf 90' lang='lat' dir='ltr'>domini</span> <span class='ocrx_word' id='word_1_43' title='bbox 576 822 806 872; x_wconf 88' lang='lat' dir='ltr'>inuocabo,</span> 
     </span>
    </p>

    <p class='ocr_par' dir='ltr' id='par_1_6' title="bbox 198 879 1003 1038">
     <span class='ocr_line' id='line_1_11' title="bbox 258 879 1003 935; baseline -0.004 -13"><span class='ocrx_word' id='word_1_44' title='bbox 258 882 377 923; x_wconf 89' lang='lat' dir='ltr'>Date</span> <span class='ocrx_word' id='word_1_45' title='bbox 400 880 775 935; x_wconf 84' lang='lat' dir='ltr'>magnificentiam</span> <span class='ocrx_word' id='word_1_46' title='bbox 798 880 882 920; x_wconf 95' lang='lat' dir='ltr'>deo</span> <span class='ocrx_word' id='word_1_47' title='bbox 907 879 1003 920; x_wconf 91' lang='lat' dir='ltr'>nos-</span> 
     </span>
     <span class='ocr_line' id='line_1_12' title="bbox 198 937 1003 993; baseline -0.004 -12"><span class='ocrx_word' id='word_1_48' title='bbox 198 945 278 982; x_wconf 90' lang='lat' dir='ltr'>tro.</span> <span class='ocrx_word' id='word_1_49' title='bbox 341 939 427 980; x_wconf 90' lang='lat' dir='ltr'>Dei</span> <span class='ocrx_word' id='word_1_50' title='bbox 445 937 641 993; x_wconf 70' lang='lat' dir='ltr'>perfecta</span> <span class='ocrx_word' id='word_1_51' title='bbox 658 938 755 979; x_wconf 88' lang='lat' dir='ltr'>sunt</span> <span class='ocrx_word' id='word_1_52' title='bbox 771 951 906 992; x_wconf 90' lang='lat' dir='ltr'>opera</span> <span class='ocrx_word' id='word_1_53' title='bbox 928 953 937 979; x_wconf 89' lang='lat'>:</span> <span class='ocrx_word' id='word_1_54' title='bbox 958 944 1003 978; x_wconf 92' lang='lat' dir='ltr'>et</span> 
     </span>
     <span class='ocr_line' id='line_1_13' title="bbox 199 996 767 1038; baseline -0.004 0"><span class='ocrx_word' id='word_1_55' title='bbox 199 1011 354 1038; x_wconf 89' lang='lat' dir='ltr'>omnes</span> <span class='ocrx_word' id='word_1_56' title='bbox 375 998 459 1038; x_wconf 85' lang='lat' dir='ltr'>viae</span> <span class='ocrx_word' id='word_1_57' title='bbox 481 997 574 1038; x_wconf 91' lang='lat' dir='ltr'>eius</span> <span class='ocrx_word' id='word_1_58' title='bbox 596 996 767 1037; x_wconf 91' lang='lat' dir='ltr'>iudicia.</span> 
     </span>
    </p>

    <p class='ocr_par' dir='ltr' id='par_1_7' title="bbox 198 1052 1002 1270">
     <span class='ocr_line' id='line_1_14' title="bbox 258 1052 1001 1107; baseline -0.004 -11"><span class='ocrx_word' id='word_1_59' title='bbox 258 1056 382 1096; x_wconf 92' lang='lat' dir='ltr'>Deus</span> <span class='ocrx_word' id='word_1_60' title='bbox 399 1054 553 1104; x_wconf 83' lang='lat' dir='ltr'>fidelis,</span> <span class='ocrx_word' id='word_1_61' title='bbox 571 1061 616 1096; x_wconf 89' lang='lat' dir='ltr'>et</span> <span class='ocrx_word' id='word_1_62' title='bbox 633 1053 796 1107; x_wconf 84' lang='lat' dir='ltr'>absque</span> <span class='ocrx_word' id='word_1_63' title='bbox 811 1052 900 1094; x_wconf 91' lang='lat' dir='ltr'>vlla</span> <span class='ocrx_word' id='word_1_64' title='bbox 922 1052 1001 1094; x_wconf 87' lang='lat' dir='ltr'>ini-</span> 
     </span>
     <span class='ocr_line' id='line_1_15' title="bbox 198 1109 1001 1167; baseline -0.004 -13"><span class='ocrx_word' id='word_1_65' title='bbox 198 1114 381 1167; x_wconf 89' lang='lat' dir='ltr'>quitate,</span> <span class='ocrx_word' id='word_1_66' title='bbox 403 1112 547 1162; x_wconf 89' lang='lat' dir='ltr'>iustus,</span> <span class='ocrx_word' id='word_1_67' title='bbox 569 1119 613 1154; x_wconf 92' lang='lat' dir='ltr'>et</span> <span class='ocrx_word' id='word_1_68' title='bbox 641 1109 785 1153; x_wconf 58' lang='lat' dir='ltr'>rectus</span> <span class='ocrx_word' id='word_1_69' title='bbox 809 1127 818 1153; x_wconf 89' lang='lat'>:</span> <span class='ocrx_word' id='word_1_70' title='bbox 843 1112 1001 1152; x_wconf 92' lang='lat' dir='ltr'>Pecca-</span> 
     </span>
     <span class='ocr_line' id='line_1_16' title="bbox 199 1169 1002 1224; baseline -0.004 -12"><span class='ocrx_word' id='word_1_71' title='bbox 199 1177 358 1213; x_wconf 87' lang='lat' dir='ltr'><strong>uerunt</strong></span> <span class='ocrx_word' id='word_1_72' title='bbox 380 1171 419 1212; x_wconf 93' lang='lat' dir='ltr'>ei</span> <span class='ocrx_word' id='word_1_73' title='bbox 440 1177 485 1212; x_wconf 92' lang='lat' dir='ltr'>et</span> <span class='ocrx_word' id='word_1_74' title='bbox 506 1184 595 1212; x_wconf 93' lang='lat' dir='ltr'>non</span> <span class='ocrx_word' id='word_1_75' title='bbox 618 1169 693 1224; x_wconf 89' lang='lat' dir='ltr'>filij</span> <span class='ocrx_word' id='word_1_76' title='bbox 718 1170 822 1219; x_wconf 88' lang='lat' dir='ltr'>eius,</span> <span class='ocrx_word' id='word_1_77' title='bbox 845 1169 888 1210; x_wconf 90' lang='lat' dir='ltr'>in</span> <span class='ocrx_word' id='word_1_78' title='bbox 918 1169 1002 1210; x_wconf 89' lang='lat' dir='ltr'>sor-</span> 
     </span>
     <span class='ocr_line' id='line_1_17' title="bbox 198 1230 340 1270; baseline 0 0"><span class='ocrx_word' id='word_1_79' title='bbox 198 1230 340 1270; x_wconf 92' lang='lat' dir='ltr'>dibus.</span> 
     </span>
    </p>

    <p class='ocr_par' dir='ltr' id='par_1_8' title="bbox 201 1287 1005 1457">
     <span class='ocr_line' id='line_1_18' title="bbox 258 1287 1003 1340; baseline -0.004 -12"><span class='ocrx_word' id='word_1_80' title='bbox 258 1287 498 1328; x_wconf 84' lang='lat' dir='ltr'>Generatio</span> <span class='ocrx_word' id='word_1_81' title='bbox 543 1299 681 1340; x_wconf 87' lang='lat' dir='ltr'>praua</span> <span class='ocrx_word' id='word_1_82' title='bbox 726 1292 861 1340; x_wconf 88' lang='lat' dir='ltr'>atque</span> <span class='ocrx_word' id='word_1_83' title='bbox 906 1299 1003 1339; x_wconf 91' lang='lat' dir='ltr'>per-</span> 
     </span>
     <span class='ocr_line' id='line_1_19' title="bbox 201 1343 1005 1386; baseline -0.002 0"><span class='ocrx_word' id='word_1_84' title='bbox 201 1345 323 1386; x_wconf 90' lang='lat' dir='ltr'>uersa</span> <span class='ocrx_word' id='word_1_85' title='bbox 354 1360 362 1386; x_wconf 78' lang='grc' dir='ltr'>ε</span> <span class='ocrx_word' id='word_1_86' title='bbox 397 1345 609 1386; x_wconf 85' lang='lat' dir='ltr'>Haeccine</span> <span class='ocrx_word' id='word_1_87' title='bbox 643 1344 790 1385; x_wconf 88' lang='lat' dir='ltr'><strong>reddis</strong></span> <span class='ocrx_word' id='word_1_88' title='bbox 821 1343 1005 1385; x_wconf 91' lang='lat' dir='ltr'>domino</span> 
     </span>
     <span class='ocr_line' id='line_1_20' title="bbox 201 1401 839 1457; baseline -0.003 -13"><span class='ocrx_word' id='word_1_89' title='bbox 201 1402 366 1457; x_wconf 90' lang='lat' dir='ltr'>popule</span> <span class='ocrx_word' id='word_1_90' title='bbox 387 1402 516 1444; x_wconf 90' lang='lat' dir='ltr'>stulte</span> <span class='ocrx_word' id='word_1_91' title='bbox 537 1409 581 1444; x_wconf 91' lang='lat' dir='ltr'>et</span> <span class='ocrx_word' id='word_1_92' title='bbox 603 1401 839 1456; x_wconf 82' lang='lat' dir='ltr'>insipiens?</span> 
     </span>
    </p>

    <p class='ocr_par' dir='ltr' id='par_1_9' title="bbox 202 1458 1007 1619">
     <span class='ocr_line' id='line_1_21' title="bbox 261 1458 1006 1514; baseline -0.004 -12"><span class='ocrx_word' id='word_1_93' title='bbox 261 1461 476 1514; x_wconf 89' lang='lat' dir='ltr'>Nunquid</span> <span class='ocrx_word' id='word_1_94' title='bbox 519 1474 607 1501; x_wconf 92' lang='lat' dir='ltr'>non</span> <span class='ocrx_word' id='word_1_95' title='bbox 650 1459 740 1514; x_wconf 90' lang='lat' dir='ltr'>ipse</span> <span class='ocrx_word' id='word_1_96' title='bbox 781 1458 842 1501; x_wconf 92' lang='lat' dir='ltr'>est</span> <span class='ocrx_word' id='word_1_97' title='bbox 877 1463 1006 1513; x_wconf 84' lang='lat' dir='ltr'>pater</span> 
     </span>
     <span class='ocr_line' id='line_1_22' title="bbox 203 1515 1007 1572; baseline -0.002 -12"><span class='ocrx_word' id='word_1_98' title='bbox 203 1526 317 1570; x_wconf 84' lang='lat' dir='ltr'>tuus,</span> <span class='ocrx_word' id='word_1_99' title='bbox 353 1519 429 1572; x_wconf 87' lang='lat' dir='ltr'>qui</span> <span class='ocrx_word' id='word_1_100' title='bbox 462 1518 651 1572; x_wconf 85' lang='lat' dir='ltr'>possedit</span> <span class='ocrx_word' id='word_1_101' title='bbox 685 1524 730 1559; x_wconf 87' lang='lat' dir='ltr'>te</span> <span class='ocrx_word' id='word_1_102' title='bbox 761 1532 771 1559; x_wconf 79' lang='lat' dir='ltr'>t</span> <span class='ocrx_word' id='word_1_103' title='bbox 801 1523 846 1559; x_wconf 94' lang='lat' dir='ltr'>et</span> <span class='ocrx_word' id='word_1_104' title='bbox 881 1515 1007 1558; x_wconf 84' lang='lat' dir='ltr'>fecit³</span> 
     </span>
     <span class='ocr_line' id='line_1_23' title="bbox 202 1576 531 1619; baseline -0.006 0"><span class='ocrx_word' id='word_1_105' title='bbox 202 1584 246 1619; x_wconf 86' lang='lat' dir='ltr'>et</span> <span class='ocrx_word' id='word_1_106' title='bbox 268 1577 434 1618; x_wconf 88' lang='lat' dir='ltr'>creauit</span> <span class='ocrx_word' id='word_1_107' title='bbox 455 1576 531 1617; x_wconf 87' lang='lat' dir='ltr'>te?</span> 
     </span>
    </p>

    <p class='ocr_par' dir='ltr' id='par_1_10' title="bbox 199 1633 1007 1746">
     <span class='ocr_line' id='line_1_24' title="bbox 258 1633 1007 1687; baseline -0.004 -11"><span class='ocrx_word' id='word_1_108' title='bbox 258 1636 491 1676; x_wconf 87' lang='lat' dir='ltr'>Memento</span> <span class='ocrx_word' id='word_1_109' title='bbox 512 1634 682 1674; x_wconf 91' lang='lat' dir='ltr'>dierum</span> <span class='ocrx_word' id='word_1_110' title='bbox 698 1633 981 1687; x_wconf 87' lang='lat' dir='ltr'>antiquorum</span> <span class='ocrx_word' id='word_1_111' title='bbox 998 1647 1007 1673; x_wconf 76' lang='lat' dir='ltr'><strong><em>z</em></strong></span> 
     </span>
     <span class='ocr_line' id='line_1_25' title="bbox 199 1690 918 1746; baseline -0.004 -12"><span class='ocrx_word' id='word_1_112' title='bbox 199 1693 348 1746; x_wconf 87' lang='lat' dir='ltr'>cogita</span> <span class='ocrx_word' id='word_1_113' title='bbox 368 1692 676 1746; x_wconf 82' lang='lat' dir='ltr'>generationes</span> <span class='ocrx_word' id='word_1_114' title='bbox 698 1690 886 1745; x_wconf 79' lang='lat' dir='ltr'>singulas</span> <span class='ocrx_word' id='word_1_115' title='bbox 909 1706 918 1732; x_wconf 92' lang='lat'><strong>:</strong></span> 
     </span>
    </p>

    <p class='ocr_par' dir='ltr' id='par_1_11' title="bbox 201 1752 1006 1908">
     <span class='ocr_line' id='line_1_26' title="bbox 260 1752 1006 1804; baseline -0.004 -12"><span class='ocrx_word' id='word_1_116' title='bbox 260 1752 492 1804; x_wconf 87' lang='lat' dir='ltr'>Interroga</span> <span class='ocrx_word' id='word_1_117' title='bbox 513 1755 684 1804; x_wconf 87' lang='lat' dir='ltr'>patrem</span> <span class='ocrx_word' id='word_1_118' title='bbox 707 1755 833 1790; x_wconf 86' lang='lat' dir='ltr'>tuum</span> <span class='ocrx_word' id='word_1_119' title='bbox 855 1754 900 1790; x_wconf 93' lang='lat' dir='ltr'>et</span> <span class='ocrx_word' id='word_1_120' title='bbox 928 1761 1006 1789; x_wconf 90' lang='lat' dir='ltr'>an-</span> 
     </span>
     <span class='ocr_line' id='line_1_27' title="bbox 202 1807 1006 1858; baseline -0.004 -8"><span class='ocrx_word' id='word_1_121' title='bbox 202 1808 424 1850; x_wconf 84' lang='lat' dir='ltr'>nuntiabit</span> <span class='ocrx_word' id='word_1_122' title='bbox 451 1808 531 1850; x_wconf 90' lang='lat' dir='ltr'>tibi</span> <span class='ocrx_word' id='word_1_123' title='bbox 560 1823 568 1849; x_wconf 96' lang='lat'><strong>:</strong></span> <span class='ocrx_word' id='word_1_124' title='bbox 596 1807 787 1848; x_wconf 88' lang='lat' dir='ltr'>maiores</span> <span class='ocrx_word' id='word_1_125' title='bbox 818 1812 933 1858; x_wconf 90' lang='lat' dir='ltr'>tuos,</span> <span class='ocrx_word' id='word_1_126' title='bbox 961 1811 1006 1847; x_wconf 89' lang='lat' dir='ltr'>et</span> 
     </span>
     <span class='ocr_line' id='line_1_28' title="bbox 201 1866 463 1908; baseline -0.004 0"><span class='ocrx_word' id='word_1_127' title='bbox 201 1868 351 1908; x_wconf 89' lang='lat' dir='ltr'>dicent</span> <span class='ocrx_word' id='word_1_128' title='bbox 371 1866 463 1907; x_wconf 89' lang='lat' dir='ltr'>tibi.</span> 
     </span>
    </p>

    <p class='ocr_par' dir='ltr' id='par_1_12' title="bbox 201 1921 1007 2082">
     <span class='ocr_line' id='line_1_29' title="bbox 260 1921 1007 1978; baseline -0.005 -13"><span class='ocrx_word' id='word_1_129' title='bbox 260 1924 453 1978; x_wconf 79' lang='lat' dir='ltr'>Quando</span> <span class='ocrx_word' id='word_1_130' title='bbox 504 1922 733 1965; x_wconf 86' lang='lat' dir='ltr'>diuidebat</span> <span class='ocrx_word' id='word_1_131' title='bbox 780 1921 1007 1963; x_wconf 80' lang='lat' dir='ltr'>altissimus</span> 
     </span>
     <span class='ocr_line' id='line_1_30' title="bbox 201 1979 1007 2036; baseline -0.006 -12"><span class='ocrx_word' id='word_1_132' title='bbox 201 1989 357 2036; x_wconf 87' lang='lat' dir='ltr'>gentes</span> <span class='ocrx_word' id='word_1_133' title='bbox 385 1997 394 2024; x_wconf 90' lang='lat'><strong>:</strong></span> <span class='ocrx_word' id='word_1_134' title='bbox 421 1982 601 2036; x_wconf 86' lang='lat' dir='ltr'>quando</span> <span class='ocrx_word' id='word_1_135' title='bbox 629 1980 858 2035; x_wconf 87' lang='lat' dir='ltr'>separabat</span> <span class='ocrx_word' id='word_1_136' title='bbox 894 1979 1007 2020; x_wconf 89' lang='lat' dir='ltr'>filios</span> 
     </span>
     <span class='ocr_line' id='line_1_31' title="bbox 203 2041 367 2082; baseline -0.006 0"><span class='ocrx_word' id='word_1_137' title='bbox 203 2041 367 2082; x_wconf 90' lang='lat' dir='ltr'>Adam.</span> 
     </span>
    </p>

    <p class='ocr_par' dir='ltr' id='par_1_13' title="bbox 204 2094 1006 2198">
     <span class='ocr_line' id='line_1_32' title="bbox 260 2094 1006 2151; baseline -0.003 -11"><span class='ocrx_word' id='word_1_138' title='bbox 260 2097 498 2140; x_wconf 88' lang='lat' dir='ltr'>Constituit</span> <span class='ocrx_word' id='word_1_139' title='bbox 511 2096 724 2138; x_wconf 90' lang='lat' dir='ltr'>terminos</span> <span class='ocrx_word' id='word_1_140' title='bbox 740 2094 1006 2151; x_wconf 86' lang='lat' dir='ltr'>populorum</span> 
     </span>
     <span class='ocr_line' id='line_1_33' title="bbox 204 2153 955 2198; baseline -0.003 0"><span class='ocrx_word' id='word_1_141' title='bbox 204 2157 332 2198; x_wconf 86' lang='lat' dir='ltr'>iuxta</span> <span class='ocrx_word' id='word_1_142' title='bbox 353 2168 585 2197; x_wconf 90' lang='lat' dir='ltr'>numerum</span> <span class='ocrx_word' id='word_1_143' title='bbox 608 2154 798 2196; x_wconf 91' lang='lat' dir='ltr'>filiorum</span> <span class='ocrx_word' id='word_1_144' title='bbox 821 2153 955 2196; x_wconf 91' lang='lat' dir='ltr'>israel.</span> 
     </span>
    </p>

    <p class='ocr_par' dir='ltr' id='par_1_14' title="bbox 204 2212 1009 2372">
     <span class='ocr_line' id='line_1_34' title="bbox 264 2212 1008 2266; baseline -0.004 -11"><span class='ocrx_word' id='word_1_145' title='bbox 264 2215 370 2255; x_wconf 90' lang='lat' dir='ltr'>Pars</span> <span class='ocrx_word' id='word_1_146' title='bbox 411 2219 561 2254; x_wconf 91' lang='lat' dir='ltr'>autem</span> <span class='ocrx_word' id='word_1_147' title='bbox 603 2212 772 2254; x_wconf 89' lang='lat' dir='ltr'>domini</span> <span class='ocrx_word' id='word_1_148' title='bbox 817 2212 1008 2266; x_wconf 91' lang='lat' dir='ltr'>populus</span> 
     </span>
     <span class='ocr_line' id='line_1_35' title="bbox 205 2270 1009 2314; baseline -0.004 0"><span class='ocrx_word' id='word_1_149' title='bbox 205 2273 298 2314; x_wconf 89' lang='lat' dir='ltr'>eius</span> <span class='ocrx_word' id='word_1_150' title='bbox 320 2288 328 2314; x_wconf 90' lang='lat'>:</span> <span class='ocrx_word' id='word_1_151' title='bbox 346 2271 481 2313; x_wconf 91' lang='lat' dir='ltr'>Iacob</span> <span class='ocrx_word' id='word_1_152' title='bbox 499 2270 716 2312; x_wconf 90' lang='lat' dir='ltr'>funiculus</span> <span class='ocrx_word' id='word_1_153' title='bbox 737 2270 1009 2312; x_wconf 67' lang='lat' dir='ltr'>haereditatis</span> 
     </span>
     <span class='ocr_line' id='line_1_36' title="bbox 204 2345 308 2372; baseline -0.01 0"><span class='ocrx_word' id='word_1_154' title='bbox 204 2345 308 2372; x_wconf 76' lang='lat' dir='ltr'>eius.</span> 
     </span>
    </p>

    <p class='ocr_par' dir='ltr' id='par_1_15' title="bbox 206 2385 1008 2494">
     <span class='ocr_line' id='line_1_37' title="bbox 265 2385 1007 2429; baseline -0.003 0"><span class='ocrx_word' id='word_1_155' title='bbox 265 2387 444 2429; x_wconf 84' lang='lat' dir='ltr'>Inuenit</span> <span class='ocrx_word' id='word_1_156' title='bbox 458 2400 558 2428; x_wconf 91' lang='lat' dir='ltr'>eum</span> <span class='ocrx_word' id='word_1_157' title='bbox 575 2386 618 2427; x_wconf 90' lang='lat' dir='ltr'>in</span> <span class='ocrx_word' id='word_1_158' title='bbox 633 2391 749 2427; x_wconf 88' lang='lat' dir='ltr'>terra</span> <span class='ocrx_word' id='word_1_159' title='bbox 762 2385 949 2427; x_wconf 89' lang='lat' dir='ltr'>deserta:</span> <span class='ocrx_word' id='word_1_160' title='bbox 965 2386 1007 2427; x_wconf 93' lang='lat' dir='ltr'>in</span> 
     </span>
     <span class='ocr_line' id='line_1_38' title="bbox 206 2443 1008 2494; baseline -0.004 -7"><span class='ocrx_word' id='word_1_161' title='bbox 206 2446 306 2487; x_wconf 93' lang='lat' dir='ltr'>loco</span> <span class='ocrx_word' id='word_1_162' title='bbox 323 2445 525 2494; x_wconf 87' lang='lat' dir='ltr'>horroris,</span> <span class='ocrx_word' id='word_1_163' title='bbox 543 2450 586 2485; x_wconf 92' lang='lat' dir='ltr'>et</span> <span class='ocrx_word' id='word_1_164' title='bbox 603 2443 734 2485; x_wconf 83' lang='lat' dir='ltr'>vastae</span> <span class='ocrx_word' id='word_1_165' title='bbox 752 2443 1008 2485; x_wconf 86' lang='lat' dir='ltr'>solitudinis.</span> 
     </span>
    </p>

    <p class='ocr_par' dir='ltr' id='par_1_16' title="bbox 206 2502 1008 2614">
     <span class='ocr_line' id='line_1_39' title="bbox 266 2502 1008 2550; baseline -0.004 -4"><span class='ocrx_word' id='word_1_166' title='bbox 266 2503 563 2546; x_wconf 87' lang='lat' dir='ltr'>Circunduxit</span> <span class='ocrx_word' id='word_1_167' title='bbox 580 2515 693 2550; x_wconf 89' lang='lat' dir='ltr'>eum,</span> <span class='ocrx_word' id='word_1_168' title='bbox 710 2508 754 2543; x_wconf 88' lang='lat' dir='ltr'>et</span> <span class='ocrx_word' id='word_1_169' title='bbox 769 2502 944 2543; x_wconf 89' lang='lat' dir='ltr'>docuit:</span> <span class='ocrx_word' id='word_1_170' title='bbox 964 2508 1008 2543; x_wconf 92' lang='lat' dir='ltr'>et</span> 
     </span>
     <span class='ocr_line' id='line_1_40' title="bbox 206 2559 1006 2614; baseline -0.004 -11"><span class='ocrx_word' id='word_1_171' title='bbox 206 2561 440 2603; x_wconf 89' lang='lat' dir='ltr'>custodiuit</span> <span class='ocrx_word' id='word_1_172' title='bbox 449 2559 566 2614; x_wconf 82' lang='lat' dir='ltr'>quasi</span> <span class='ocrx_word' id='word_1_173' title='bbox 581 2559 796 2613; x_wconf 91' lang='lat' dir='ltr'>pupillam</span> <span class='ocrx_word' id='word_1_174' title='bbox 811 2559 926 2600; x_wconf 92' lang='lat' dir='ltr'>oculi</span> <span class='ocrx_word' id='word_1_175' title='bbox 936 2559 1006 2600; x_wconf 93' lang='lat' dir='ltr'>sui.</span> 
     </span>
    </p>

    <p class='ocr_par' dir='ltr' id='par_1_17' title="bbox 206 2617 1007 2777">
     <span class='ocr_line' id='line_1_41' title="bbox 265 2617 1006 2671; baseline -0.004 -11"><span class='ocrx_word' id='word_1_176' title='bbox 265 2619 391 2661; x_wconf 86' lang='lat' dir='ltr'>Sicut</span> <span class='ocrx_word' id='word_1_177' title='bbox 412 2617 560 2671; x_wconf 88' lang='lat' dir='ltr'>aquila</span> <span class='ocrx_word' id='word_1_178' title='bbox 582 2631 829 2670; x_wconf 87' lang='lat' dir='ltr'>prouocans</span> <span class='ocrx_word' id='word_1_179' title='bbox 851 2617 907 2658; x_wconf 88' lang='lat' dir='ltr'>ad</span> <span class='ocrx_word' id='word_1_180' title='bbox 931 2631 1006 2658; x_wconf 94' lang='lat' dir='ltr'>vo-</span> 
     </span>
     <span class='ocr_line' id='line_1_42' title="bbox 206 2674 1007 2730; baseline -0.004 -12"><span class='ocrx_word' id='word_1_181' title='bbox 206 2677 389 2718; x_wconf 89' lang='lat' dir='ltr'>landum</span> <span class='ocrx_word' id='word_1_182' title='bbox 407 2675 552 2730; x_wconf 89' lang='lat' dir='ltr'>pullos</span> <span class='ocrx_word' id='word_1_183' title='bbox 575 2675 671 2716; x_wconf 91' lang='lat' dir='ltr'>suos</span> <span class='ocrx_word' id='word_1_184' title='bbox 694 2691 702 2716; x_wconf 95' lang='lat'><strong>:</strong></span> <span class='ocrx_word' id='word_1_185' title='bbox 723 2680 768 2716; x_wconf 91' lang='lat' dir='ltr'>et</span> <span class='ocrx_word' id='word_1_186' title='bbox 785 2674 912 2729; x_wconf 89' lang='lat' dir='ltr'>super</span> <span class='ocrx_word' id='word_1_187' title='bbox 932 2688 1007 2716; x_wconf 89' lang='lat' dir='ltr'>eos</span> 
     </span>
     <span class='ocr_line' id='line_1_43' title="bbox 206 2735 408 2777; baseline -0.015 0"><span class='ocrx_word' id='word_1_188' title='bbox 206 2735 408 2777; x_wconf 90' lang='lat' dir='ltr'>volitans.</span> 
     </span>
    </p>

    <p class='ocr_par' dir='ltr' id='par_1_18' title="bbox 206 2789 1007 2950">
     <span class='ocr_line' id='line_1_44' title="bbox 266 2789 1007 2845; baseline -0.007 -11"><span class='ocrx_word' id='word_1_189' title='bbox 266 2790 499 2845; x_wconf 83' lang='lat' dir='ltr'>Expandit</span> <span class='ocrx_word' id='word_1_190' title='bbox 521 2790 612 2830; x_wconf 88' lang='lat' dir='ltr'>alas</span> <span class='ocrx_word' id='word_1_191' title='bbox 635 2789 731 2830; x_wconf 90' lang='lat' dir='ltr'>suas</span> <span class='ocrx_word' id='word_1_192' title='bbox 752 2795 796 2830; x_wconf 90' lang='lat' dir='ltr'>et</span> <span class='ocrx_word' id='word_1_193' title='bbox 818 2789 1007 2843; x_wconf 90' lang='lat' dir='ltr'>assump-</span> 
     </span>
     <span class='ocr_line' id='line_1_45' title="bbox 206 2847 1007 2902; baseline -0.004 -11"><span class='ocrx_word' id='word_1_194' title='bbox 206 2851 254 2892; x_wconf 84' lang='lat' dir='ltr'>fit</span> <span class='ocrx_word' id='word_1_195' title='bbox 286 2863 387 2890; x_wconf 91' lang='lat' dir='ltr'>eum</span> <span class='ocrx_word' id='word_1_196' title='bbox 418 2862 427 2890; x_wconf 76' lang='grc' dir='ltr'><strong><em>ε</em></strong></span> <span class='ocrx_word' id='word_1_197' title='bbox 454 2854 588 2902; x_wconf 88' lang='lat' dir='ltr'>atque</span> <span class='ocrx_word' id='word_1_198' title='bbox 622 2847 816 2901; x_wconf 88' lang='lat' dir='ltr'>portauit</span> <span class='ocrx_word' id='word_1_199' title='bbox 850 2848 892 2887; x_wconf 87' lang='lat' dir='ltr'>in</span> <span class='ocrx_word' id='word_1_200' title='bbox 928 2847 1007 2888; x_wconf 91' lang='lat' dir='ltr'>hu-</span> 
     </span>
     <span class='ocr_line' id='line_1_46' title="bbox 208 2906 455 2950; baseline -0.008 0"><span class='ocrx_word' id='word_1_201' title='bbox 208 2908 339 2950; x_wconf 90' lang='lat' dir='ltr'>meris</span> <span class='ocrx_word' id='word_1_202' title='bbox 362 2906 455 2948; x_wconf 91' lang='lat' dir='ltr'>suis.</span> 
     </span>
    </p>
   </div>
   <div class='ocr_carea' id='block_1_4' title="bbox 275 2997 769 3089">
    <p class='ocr_par' dir='ltr' id='par_1_19' title="bbox 275 2997 769 3089">
     <span class='ocr_line' id='line_1_47' title="bbox 276 2997 769 3040; baseline -0.004 -8"><span class='ocrx_word' id='word_1_203' title='bbox 276 2999 287 3020; x_wconf 86' lang='lat'>¹</span> <span class='ocrx_word' id='word_1_204' title='bbox 317 2999 411 3032; x_wconf 84' lang='lat' dir='ltr'>Deu.</span> <span class='ocrx_word' id='word_1_205' title='bbox 430 2997 525 3040; x_wconf 82' lang='lat' dir='ltr'>xxxij</span> <span class='ocrx_word' id='word_1_206' title='bbox 550 3009 556 3031; x_wconf 89' lang='lat'><strong>:</strong></span> <span class='ocrx_word' id='word_1_207' title='bbox 575 2997 654 3030; x_wconf 77' lang='lat' dir='ltr'>add</span> <span class='ocrx_word' id='word_1_208' title='bbox 670 2997 707 3031; x_wconf 90' lang='lat' dir='ltr'>P.</span> <span class='ocrx_word' id='word_1_209' title='bbox 727 2997 769 3031; x_wconf 88' lang='lat' dir='ltr'>A.</span> 
     </span>
     <span class='ocr_line' id='line_1_48' title="bbox 275 3044 645 3089; baseline -0.005 -10"><span class='ocrx_word' id='word_1_210' title='bbox 275 3048 287 3067; x_wconf 76' lang='lat'><strong>²</strong></span> <span class='ocrx_word' id='word_1_211' title='bbox 313 3052 349 3079; x_wconf 90' lang='lat' dir='ltr'>vt</span> <span class='ocrx_word' id='word_1_212' title='bbox 368 3045 494 3089; x_wconf 86' lang='lat' dir='ltr'>pluuia</span> <span class='ocrx_word' id='word_1_213' title='bbox 518 3055 524 3078; x_wconf 90' lang='lat'>:</span> <span class='ocrx_word' id='word_1_214' title='bbox 545 3044 582 3077; x_wconf 92' lang='grc' dir='ltr'>Ρ.</span> <span class='ocrx_word' id='word_1_215' title='bbox 602 3044 645 3078; x_wconf 91' lang='grc' dir='ltr'>Α.</span> 
     </span>
    </p>
   </div>
   <div class='ocr_carea' id='block_1_5' title="bbox 1070 302 1880 2953">
    <p class='ocr_par' dir='ltr' id='par_1_20' title="bbox 1070 302 1872 402">
     <span class='ocr_line' id='line_1_49' title="bbox 1129 302 1872 344; baseline 0 -1"><span class='ocrx_word' id='word_1_216' title='bbox 1129 302 1347 344; x_wconf 89' lang='lat' dir='ltr'>Dominus</span> <span class='ocrx_word' id='word_1_217' title='bbox 1371 302 1482 344; x_wconf 89' lang='lat' dir='ltr'>solus</span> <span class='ocrx_word' id='word_1_218' title='bbox 1511 303 1606 344; x_wconf 89' lang='lat' dir='ltr'>dux</span> <span class='ocrx_word' id='word_1_219' title='bbox 1634 303 1727 344; x_wconf 91' lang='lat' dir='ltr'>eius</span> <span class='ocrx_word' id='word_1_220' title='bbox 1755 302 1836 344; x_wconf 89' lang='lat' dir='ltr'>suit</span> <span class='ocrx_word' id='word_1_221' title='bbox 1865 317 1872 342; x_wconf 92' lang='lat'>:</span> 
     </span>
     <span class='ocr_line' id='line_1_50' title="bbox 1070 361 1871 402; baseline 0 0"><span class='ocrx_word' id='word_1_222' title='bbox 1070 365 1114 402; x_wconf 89' lang='lat' dir='ltr'>et</span> <span class='ocrx_word' id='word_1_223' title='bbox 1136 374 1224 401; x_wconf 91' lang='lat' dir='ltr'>non</span> <span class='ocrx_word' id='word_1_224' title='bbox 1247 366 1342 402; x_wconf 89' lang='lat' dir='ltr'>erat</span> <span class='ocrx_word' id='word_1_225' title='bbox 1362 374 1463 402; x_wconf 89' lang='lat' dir='ltr'>cum</span> <span class='ocrx_word' id='word_1_226' title='bbox 1485 374 1539 402; x_wconf 91' lang='lat' dir='ltr'>eo</span> <span class='ocrx_word' id='word_1_227' title='bbox 1559 361 1670 402; x_wconf 92' lang='lat' dir='ltr'>deus</span> <span class='ocrx_word' id='word_1_228' title='bbox 1691 361 1871 402; x_wconf 89' lang='lat' dir='ltr'>alienus.</span> 
     </span>
    </p>

    <p class='ocr_par' dir='ltr' id='par_1_21' title="bbox 1070 417 1873 588">
     <span class='ocr_line' id='line_1_51' title="bbox 1129 417 1871 473; baseline -0.001 -13"><span class='ocrx_word' id='word_1_229' title='bbox 1129 417 1365 461; x_wconf 85' lang='lat' dir='ltr'>Constituit</span> <span class='ocrx_word' id='word_1_230' title='bbox 1386 432 1486 460; x_wconf 91' lang='lat' dir='ltr'>eum</span> <span class='ocrx_word' id='word_1_231' title='bbox 1510 418 1636 473; x_wconf 91' lang='lat' dir='ltr'>super</span> <span class='ocrx_word' id='word_1_232' title='bbox 1651 417 1871 460; x_wconf 86' lang='lat' dir='ltr'>excelsam</span> 
     </span>
     <span class='ocr_line' id='line_1_52' title="bbox 1070 473 1873 519; baseline 0.002 -3"><span class='ocrx_word' id='word_1_233' title='bbox 1070 482 1231 517; x_wconf 90' lang='lat' dir='ltr'>terram</span> <span class='ocrx_word' id='word_1_234' title='bbox 1273 491 1282 518; x_wconf 81' lang='lat' dir='ltr'>z</span> <span class='ocrx_word' id='word_1_235' title='bbox 1322 481 1370 518; x_wconf 92' lang='lat' dir='ltr'>vt</span> <span class='ocrx_word' id='word_1_236' title='bbox 1410 477 1663 519; x_wconf 89' lang='lat' dir='ltr'>comederet</span> <span class='ocrx_word' id='word_1_237' title='bbox 1707 473 1873 518; x_wconf 62' lang='lat' dir='ltr'>fruRus</span> 
     </span>
     <span class='ocr_line' id='line_1_53' title="bbox 1070 547 1290 588; baseline 0 -13"><span class='ocrx_word' id='word_1_238' title='bbox 1070 547 1290 588; x_wconf 87' lang='lat' dir='ltr'>agrorum,</span> 
     </span>
    </p>

    <p class='ocr_par' dir='ltr' id='par_1_22' title="bbox 1071 590 1872 703">
     <span class='ocr_line' id='line_1_54' title="bbox 1131 590 1872 646; baseline 0.001 -14"><span class='ocrx_word' id='word_1_239' title='bbox 1131 591 1190 633; x_wconf 91' lang='lat' dir='ltr'>Et</span> <span class='ocrx_word' id='word_1_240' title='bbox 1212 591 1381 645; x_wconf 87' lang='lat' dir='ltr'>sugeret</span> <span class='ocrx_word' id='word_1_241' title='bbox 1402 592 1490 633; x_wconf 90' lang='lat' dir='ltr'>mel</span> <span class='ocrx_word' id='word_1_242' title='bbox 1511 591 1568 633; x_wconf 91' lang='lat' dir='ltr'>de</span> <span class='ocrx_word' id='word_1_243' title='bbox 1595 597 1722 646; x_wconf 88' lang='lat' dir='ltr'>petra</span> <span class='ocrx_word' id='word_1_244' title='bbox 1749 606 1758 634; x_wconf 92' lang='lat'>:</span> <span class='ocrx_word' id='word_1_245' title='bbox 1783 590 1872 633; x_wconf 89' lang='lat' dir='ltr'>ole-</span> 
     </span>
     <span class='ocr_line' id='line_1_55' title="bbox 1071 649 1714 703; baseline 0.002 -13"><span class='ocrx_word' id='word_1_246' title='bbox 1071 663 1237 703; x_wconf 90' lang='lat' dir='ltr'>umque</span> <span class='ocrx_word' id='word_1_247' title='bbox 1258 650 1315 691; x_wconf 91' lang='lat' dir='ltr'>de</span> <span class='ocrx_word' id='word_1_248' title='bbox 1338 649 1445 690; x_wconf 87' lang='lat' dir='ltr'>saxo</span> <span class='ocrx_word' id='word_1_249' title='bbox 1466 650 1714 691; x_wconf 85' lang='lat' dir='ltr'>durisfimo:</span> 
     </span>
    </p>

    <p class='ocr_par' dir='ltr' id='par_1_23' title="bbox 1072 706 1874 865">
     <span class='ocr_line' id='line_1_56' title="bbox 1130 706 1871 761; baseline 0.001 -14"><span class='ocrx_word' id='word_1_250' title='bbox 1130 707 1348 761; x_wconf 89' lang='lat' dir='ltr'>Butyrum</span> <span class='ocrx_word' id='word_1_251' title='bbox 1366 708 1422 749; x_wconf 94' lang='lat' dir='ltr'>de</span> <span class='ocrx_word' id='word_1_252' title='bbox 1438 714 1653 759; x_wconf 86' lang='lat' dir='ltr'>armento,</span> <span class='ocrx_word' id='word_1_253' title='bbox 1669 713 1714 749; x_wconf 90' lang='lat' dir='ltr'>et</span> <span class='ocrx_word' id='word_1_254' title='bbox 1730 707 1799 749; x_wconf 89' lang='lat' dir='ltr'>lac</span> <span class='ocrx_word' id='word_1_255' title='bbox 1815 706 1871 748; x_wconf 86' lang='lat' dir='ltr'>de</span> 
     </span>
     <span class='ocr_line' id='line_1_57' title="bbox 1072 766 1874 819; baseline 0.001 -14"><span class='ocrx_word' id='word_1_256' title='bbox 1072 766 1229 806; x_wconf 91' lang='lat' dir='ltr'>ouibus</span> <span class='ocrx_word' id='word_1_257' title='bbox 1264 778 1364 806; x_wconf 93' lang='lat' dir='ltr'>cum</span> <span class='ocrx_word' id='word_1_258' title='bbox 1391 766 1522 819; x_wconf 88' lang='lat' dir='ltr'>adipe</span> <span class='ocrx_word' id='word_1_259' title='bbox 1548 778 1764 818; x_wconf 86' lang='lat' dir='ltr'>agnorum</span> <span class='ocrx_word' id='word_1_260' title='bbox 1793 779 1802 806; x_wconf 77' lang='grc' dir='ltr'>ε</span> <span class='ocrx_word' id='word_1_261' title='bbox 1829 771 1874 806; x_wconf 90' lang='lat' dir='ltr'>et</span> 
     </span>
     <span class='ocr_line' id='line_1_58' title="bbox 1072 822 1647 865; baseline 0 -2"><span class='ocrx_word' id='word_1_262' title='bbox 1072 824 1260 864; x_wconf 89' lang='lat' dir='ltr'>arietum</span> <span class='ocrx_word' id='word_1_263' title='bbox 1283 822 1472 864; x_wconf 89' lang='lat' dir='ltr'>filiorum</span> <span class='ocrx_word' id='word_1_264' title='bbox 1497 823 1647 865; x_wconf 90' lang='lat' dir='ltr'>Basan.</span> 
     </span>
    </p>

    <p class='ocr_par' dir='ltr' id='par_1_24' title="bbox 1073 879 1876 1037">
     <span class='ocr_line' id='line_1_59' title="bbox 1131 879 1876 922; baseline 0.001 -1"><span class='ocrx_word' id='word_1_265' title='bbox 1131 881 1191 922; x_wconf 86' lang='lat' dir='ltr'>Et</span> <span class='ocrx_word' id='word_1_266' title='bbox 1212 880 1357 921; x_wconf 89' lang='lat' dir='ltr'>hircos</span> <span class='ocrx_word' id='word_1_267' title='bbox 1378 894 1479 921; x_wconf 91' lang='lat' dir='ltr'>cum</span> <span class='ocrx_word' id='word_1_268' title='bbox 1498 880 1693 922; x_wconf 88' lang='lat' dir='ltr'>medulla</span> <span class='ocrx_word' id='word_1_269' title='bbox 1709 879 1843 922; x_wconf 86' lang='lat' dir='ltr'>tritici</span> <span class='ocrx_word' id='word_1_270' title='bbox 1867 894 1876 922; x_wconf 88' lang='lat'>:</span> 
     </span>
     <span class='ocr_line' id='line_1_60' title="bbox 1073 938 1875 992; baseline 0.001 -13"><span class='ocrx_word' id='word_1_271' title='bbox 1073 944 1118 979; x_wconf 91' lang='lat' dir='ltr'>et</span> <span class='ocrx_word' id='word_1_272' title='bbox 1139 938 1396 992; x_wconf 86' lang='lat' dir='ltr'>sanguinem</span> <span class='ocrx_word' id='word_1_273' title='bbox 1418 952 1516 980; x_wconf 84' lang='lat' dir='ltr'>vuae</span> <span class='ocrx_word' id='word_1_274' title='bbox 1538 938 1708 980; x_wconf 90' lang='lat' dir='ltr'>biberet</span> <span class='ocrx_word' id='word_1_275' title='bbox 1734 951 1875 980; x_wconf 90' lang='lat' dir='ltr'>mera-</span> 
     </span>
     <span class='ocr_line' id='line_1_61' title="bbox 1073 996 1296 1037; baseline 0.004 -1"><span class='ocrx_word' id='word_1_276' title='bbox 1073 996 1296 1037; x_wconf 83' lang='lat' dir='ltr'>ciffimum.</span> 
     </span>
    </p>

    <p class='ocr_par' dir='ltr' id='par_1_25' title="bbox 1071 1051 1878 1224">
     <span class='ocr_line' id='line_1_62' title="bbox 1133 1051 1877 1104; baseline 0 -9"><span class='ocrx_word' id='word_1_277' title='bbox 1133 1054 1396 1095; x_wconf 86' lang='lat' dir='ltr'>Incrassatus</span> <span class='ocrx_word' id='word_1_278' title='bbox 1421 1053 1483 1095; x_wconf 86' lang='lat' dir='ltr'>est</span> <span class='ocrx_word' id='word_1_279' title='bbox 1511 1051 1710 1104; x_wconf 69' lang='lat' dir='ltr'>dile&amp;us‚</span> <span class='ocrx_word' id='word_1_280' title='bbox 1735 1058 1781 1095; x_wconf 90' lang='lat' dir='ltr'>et</span> <span class='ocrx_word' id='word_1_281' title='bbox 1810 1067 1877 1095; x_wconf 89' lang='lat' dir='ltr'>re-</span> 
     </span>
     <span class='ocr_line' id='line_1_63' title="bbox 1071 1111 1878 1166; baseline 0.001 -14"><span class='ocrx_word' id='word_1_282' title='bbox 1071 1111 1317 1153; x_wconf 88' lang='lat' dir='ltr'>calcitrauit</span> <span class='ocrx_word' id='word_1_283' title='bbox 1360 1125 1369 1153; x_wconf 91' lang='lat'>:</span> <span class='ocrx_word' id='word_1_284' title='bbox 1409 1111 1675 1162; x_wconf 86' lang='lat' dir='ltr'>incrassatus,</span> <span class='ocrx_word' id='word_1_285' title='bbox 1716 1111 1878 1166; x_wconf 89' lang='lat' dir='ltr'>impin-</span> 
     </span>
     <span class='ocr_line' id='line_1_64' title="bbox 1071 1169 1488 1224; baseline 0 -14"><span class='ocrx_word' id='word_1_286' title='bbox 1071 1176 1243 1224; x_wconf 85' lang='lat' dir='ltr'>guatus,</span> <span class='ocrx_word' id='word_1_287' title='bbox 1253 1169 1488 1220; x_wconf 85' lang='lat' dir='ltr'>-dilatatus,</span> 
     </span>
    </p>

    <p class='ocr_par' dir='ltr' id='par_1_26' title="bbox 1073 1225 1878 1336">
     <span class='ocr_line' id='line_1_65' title="bbox 1130 1225 1878 1281; baseline -0.001 -12"><span class='ocrx_word' id='word_1_288' title='bbox 1130 1228 1378 1281; x_wconf 89' lang='lat' dir='ltr'>Dereliquit</span> <span class='ocrx_word' id='word_1_289' title='bbox 1404 1228 1537 1269; x_wconf 91' lang='lat' dir='ltr'>deum</span> <span class='ocrx_word' id='word_1_290' title='bbox 1565 1225 1777 1268; x_wconf 67' lang='lat' dir='ltr'>faEtorer&#39;n</span> <span class='ocrx_word' id='word_1_291' title='bbox 1811 1226 1878 1268; x_wconf 92' lang='lat' dir='ltr'>su-</span> 
     </span>
     <span class='ocr_line' id='line_1_66' title="bbox 1073 1284 1877 1336; baseline 0 -10"><span class='ocrx_word' id='word_1_292' title='bbox 1073 1299 1160 1336; x_wconf 89' lang='lat' dir='ltr'>um,</span> <span class='ocrx_word' id='word_1_293' title='bbox 1184 1292 1228 1327; x_wconf 94' lang='lat' dir='ltr'>et</span> <span class='ocrx_word' id='word_1_294' title='bbox 1251 1285 1415 1327; x_wconf 88' lang='lat' dir='ltr'>recesfit</span> <span class='ocrx_word' id='word_1_295' title='bbox 1437 1299 1463 1326; x_wconf 94' lang='lat' dir='ltr'>a</span> <span class='ocrx_word' id='word_1_296' title='bbox 1484 1286 1569 1326; x_wconf 90' lang='lat' dir='ltr'>deo</span> <span class='ocrx_word' id='word_1_297' title='bbox 1592 1285 1767 1326; x_wconf 89' lang='lat' dir='ltr'>salutari</span> <span class='ocrx_word' id='word_1_298' title='bbox 1789 1284 1877 1326; x_wconf 91' lang='lat' dir='ltr'>suo.</span> 
     </span>
    </p>

    <p class='ocr_par' dir='ltr' id='par_1_27' title="bbox 1073 1343 1878 1501">
     <span class='ocr_line' id='line_1_67' title="bbox 1133 1343 1878 1385; baseline 0 -1"><span class='ocrx_word' id='word_1_299' title='bbox 1133 1343 1492 1385; x_wconf 90' lang='lat' dir='ltr'>Prouocauerunt</span> <span class='ocrx_word' id='word_1_300' title='bbox 1542 1357 1645 1384; x_wconf 92' lang='lat' dir='ltr'>eum</span> <span class='ocrx_word' id='word_1_301' title='bbox 1697 1343 1741 1384; x_wconf 92' lang='lat' dir='ltr'>in</span> <span class='ocrx_word' id='word_1_302' title='bbox 1792 1343 1878 1384; x_wconf 90' lang='lat' dir='ltr'>diis</span> 
     </span>
     <span class='ocr_line' id='line_1_68' title="bbox 1073 1400 1878 1448; baseline 0 -6"><span class='ocrx_word' id='word_1_303' title='bbox 1073 1401 1229 1445; x_wconf 87' lang='lat' dir='ltr'>alienis</span> <span class='ocrx_word' id='word_1_304' title='bbox 1271 1417 1279 1443; x_wconf 78' lang='lat' dir='ltr'><strong><em>z</em></strong></span> <span class='ocrx_word' id='word_1_305' title='bbox 1314 1407 1359 1442; x_wconf 90' lang='lat' dir='ltr'>et</span> <span class='ocrx_word' id='word_1_306' title='bbox 1393 1402 1437 1442; x_wconf 91' lang='lat' dir='ltr'>in</span> <span class='ocrx_word' id='word_1_307' title='bbox 1471 1400 1878 1448; x_wconf 86' lang='lat' dir='ltr'>abominationibus</span> 
     </span>
     <span class='ocr_line' id='line_1_69' title="bbox 1074 1460 1794 1501; baseline 0.001 -1"><span class='ocrx_word' id='word_1_308' title='bbox 1074 1460 1130 1501; x_wconf 92' lang='lat' dir='ltr'>ad</span> <span class='ocrx_word' id='word_1_309' title='bbox 1154 1460 1425 1500; x_wconf 86' lang='lat' dir='ltr'>iracundiam</span> <span class='ocrx_word' id='word_1_310' title='bbox 1448 1460 1794 1501; x_wconf 87' lang='lat' dir='ltr'>concitauerunt.</span> 
     </span>
    </p>

    <p class='ocr_par' dir='ltr' id='par_1_28' title="bbox 1074 1516 1878 1629">
     <span class='ocr_line' id='line_1_70' title="bbox 1134 1516 1878 1570; baseline 0 -12"><span class='ocrx_word' id='word_1_311' title='bbox 1134 1517 1485 1558; x_wconf 87' lang='lat' dir='ltr'>Immolauerunt</span> <span class='ocrx_word' id='word_1_312' title='bbox 1522 1516 1758 1570; x_wconf 85' lang='lat' dir='ltr'>daemonijs</span> <span class='ocrx_word' id='word_1_313' title='bbox 1789 1531 1799 1558; x_wconf 91' lang='lat'>:</span> <span class='ocrx_word' id='word_1_314' title='bbox 1832 1522 1878 1558; x_wconf 89' lang='lat' dir='ltr'>et</span> 
     </span>
     <span class='ocr_line' id='line_1_71' title="bbox 1074 1575 1869 1629; baseline -0.003 -12"><span class='ocrx_word' id='word_1_315' title='bbox 1074 1589 1163 1617; x_wconf 90' lang='lat' dir='ltr'>non</span> <span class='ocrx_word' id='word_1_316' title='bbox 1187 1575 1272 1616; x_wconf 92' lang='lat' dir='ltr'>deo</span> <span class='ocrx_word' id='word_1_317' title='bbox 1295 1590 1303 1616; x_wconf 74' lang='grc' dir='ltr'><strong>ε</strong></span> <span class='ocrx_word' id='word_1_318' title='bbox 1325 1575 1423 1628; x_wconf 90' lang='lat' dir='ltr'>dijs,</span> <span class='ocrx_word' id='word_1_319' title='bbox 1445 1589 1557 1628; x_wconf 91' lang='lat' dir='ltr'>quos</span> <span class='ocrx_word' id='word_1_320' title='bbox 1579 1575 1869 1629; x_wconf 87' lang='lat' dir='ltr'>ignorabant:</span> 
     </span>
    </p>

    <p class='ocr_par' dir='ltr' id='par_1_29' title="bbox 1075 1632 1878 1790">
     <span class='ocr_line' id='line_1_72' title="bbox 1134 1632 1875 1686; baseline 0.001 -13"><span class='ocrx_word' id='word_1_321' title='bbox 1134 1633 1266 1682; x_wconf 93' lang='lat' dir='ltr'>Noui,</span> <span class='ocrx_word' id='word_1_322' title='bbox 1298 1632 1579 1686; x_wconf 87' lang='lat' dir='ltr'>recentesque</span> <span class='ocrx_word' id='word_1_323' title='bbox 1614 1638 1830 1674; x_wconf 87' lang='lat' dir='ltr'>venerunt</span> <span class='ocrx_word' id='word_1_324' title='bbox 1865 1647 1875 1674; x_wconf 71' lang='grc' dir='ltr'><strong>ε</strong></span> 
     </span>
     <span class='ocr_line' id='line_1_73' title="bbox 1075 1690 1878 1745; baseline 0.001 -14"><span class='ocrx_word' id='word_1_325' title='bbox 1075 1704 1187 1745; x_wconf 89' lang='lat' dir='ltr'>quos</span> <span class='ocrx_word' id='word_1_326' title='bbox 1229 1704 1318 1731; x_wconf 94' lang='lat' dir='ltr'>non</span> <span class='ocrx_word' id='word_1_327' title='bbox 1358 1690 1589 1732; x_wconf 91' lang='lat' dir='ltr'>coluerunt</span> <span class='ocrx_word' id='word_1_328' title='bbox 1623 1697 1772 1745; x_wconf 87' lang='lat' dir='ltr'>patres</span> <span class='ocrx_word' id='word_1_329' title='bbox 1803 1703 1878 1732; x_wconf 87' lang='lat' dir='ltr'>eo-</span> 
     </span>
     <span class='ocr_line' id='line_1_74' title="bbox 1075 1762 1184 1790; baseline 0 0"><span class='ocrx_word' id='word_1_330' title='bbox 1075 1762 1184 1790; x_wconf 90' lang='lat' dir='ltr'>rum.</span> 
     </span>
    </p>

    <p class='ocr_par' dir='ltr' id='par_1_30' title="bbox 1075 1804 1879 1964">
     <span class='ocr_line' id='line_1_75' title="bbox 1135 1804 1873 1860; baseline -0.001 -13"><span class='ocrx_word' id='word_1_331' title='bbox 1135 1807 1295 1855; x_wconf 90' lang='lat' dir='ltr'>Deum,</span> <span class='ocrx_word' id='word_1_332' title='bbox 1331 1806 1406 1860; x_wconf 92' lang='lat' dir='ltr'>qui</span> <span class='ocrx_word' id='word_1_333' title='bbox 1443 1812 1487 1848; x_wconf 89' lang='lat' dir='ltr'>te</span> <span class='ocrx_word' id='word_1_334' title='bbox 1523 1806 1687 1860; x_wconf 88' lang='lat' dir='ltr'>genuit,</span> <span class='ocrx_word' id='word_1_335' title='bbox 1717 1804 1873 1847; x_wconf 88' lang='lat' dir='ltr'>dereli—</span> 
     </span>
     <span class='ocr_line' id='line_1_76' title="bbox 1075 1864 1879 1918; baseline 0 -13"><span class='ocrx_word' id='word_1_336' title='bbox 1075 1864 1202 1918; x_wconf 88' lang='lat' dir='ltr'>quisti</span> <span class='ocrx_word' id='word_1_337' title='bbox 1224 1879 1233 1906; x_wconf 70' lang='grc' dir='ltr'>ε</span> <span class='ocrx_word' id='word_1_338' title='bbox 1256 1871 1299 1905; x_wconf 89' lang='lat' dir='ltr'>et</span> <span class='ocrx_word' id='word_1_339' title='bbox 1321 1864 1485 1906; x_wconf 87' lang='lat' dir='ltr'>oblitus</span> <span class='ocrx_word' id='word_1_340' title='bbox 1506 1878 1553 1905; x_wconf 91' lang='lat' dir='ltr'>es</span> <span class='ocrx_word' id='word_1_341' title='bbox 1574 1865 1743 1906; x_wconf 90' lang='lat' dir='ltr'>domini</span> <span class='ocrx_word' id='word_1_342' title='bbox 1761 1877 1879 1905; x_wconf 86' lang='lat' dir='ltr'>crea-</span> 
     </span>
     <span class='ocr_line' id='line_1_77' title="bbox 1076 1922 1279 1964; baseline 0 -1"><span class='ocrx_word' id='word_1_343' title='bbox 1076 1923 1182 1963; x_wconf 88' lang='lat' dir='ltr'>toris</span> <span class='ocrx_word' id='word_1_344' title='bbox 1205 1922 1279 1964; x_wconf 89' lang='lat' dir='ltr'>tui.</span> 
     </span>
    </p>

    <p class='ocr_par' dir='ltr' id='par_1_31' title="bbox 1075 1979 1879 2149">
     <span class='ocr_line' id='line_1_78' title="bbox 1134 1979 1877 2029; baseline -0.001 -8"><span class='ocrx_word' id='word_1_345' title='bbox 1134 1980 1262 2022; x_wconf 89' lang='lat' dir='ltr'>Vidit</span> <span class='ocrx_word' id='word_1_346' title='bbox 1292 1979 1511 2029; x_wconf 89' lang='lat' dir='ltr'>dominus,</span> <span class='ocrx_word' id='word_1_347' title='bbox 1542 1985 1587 2021; x_wconf 91' lang='lat' dir='ltr'>et</span> <span class='ocrx_word' id='word_1_348' title='bbox 1617 1979 1674 2020; x_wconf 91' lang='lat' dir='ltr'>ad</span> <span class='ocrx_word' id='word_1_349' title='bbox 1708 1979 1877 2020; x_wconf 89' lang='lat' dir='ltr'>iracun-</span> 
     </span>
     <span class='ocr_line' id='line_1_79' title="bbox 1075 2037 1879 2091; baseline 0 -13"><span class='ocrx_word' id='word_1_350' title='bbox 1075 2038 1195 2079; x_wconf 90' lang='lat' dir='ltr'>diam</span> <span class='ocrx_word' id='word_1_351' title='bbox 1213 2038 1460 2078; x_wconf 88' lang='lat' dir='ltr'>concitatus</span> <span class='ocrx_word' id='word_1_352' title='bbox 1479 2037 1539 2078; x_wconf 93' lang='lat' dir='ltr'>est</span> <span class='ocrx_word' id='word_1_353' title='bbox 1564 2053 1572 2078; x_wconf 74' lang='grc' dir='ltr'>ε</span> <span class='ocrx_word' id='word_1_354' title='bbox 1596 2038 1700 2091; x_wconf 87' lang='lat' dir='ltr'>quia</span> <span class='ocrx_word' id='word_1_355' title='bbox 1720 2051 1879 2090; x_wconf 88' lang='lat' dir='ltr'>prouo-</span> 
     </span>
     <span class='ocr_line' id='line_1_80' title="bbox 1075 2095 1806 2149; baseline 0 -13"><span class='ocrx_word' id='word_1_356' title='bbox 1075 2101 1288 2136; x_wconf 88' lang='lat' dir='ltr'>cauerunt</span> <span class='ocrx_word' id='word_1_357' title='bbox 1309 2109 1410 2136; x_wconf 92' lang='lat' dir='ltr'>eum</span> <span class='ocrx_word' id='word_1_358' title='bbox 1433 2095 1508 2149; x_wconf 87' lang='lat' dir='ltr'>filij</span> <span class='ocrx_word' id='word_1_359' title='bbox 1534 2095 1606 2145; x_wconf 93' lang='lat' dir='ltr'>sui,</span> <span class='ocrx_word' id='word_1_360' title='bbox 1628 2102 1673 2136; x_wconf 89' lang='lat' dir='ltr'>et</span> <span class='ocrx_word' id='word_1_361' title='bbox 1695 2095 1806 2136; x_wconf 83' lang='lat' dir='ltr'>filiae.</span> 
     </span>
    </p>

    <p class='ocr_par' dir='ltr' id='par_1_32' title="bbox 1076 2152 1879 2310">
     <span class='ocr_line' id='line_1_81' title="bbox 1137 2152 1878 2202; baseline -0.001 -8"><span class='ocrx_word' id='word_1_362' title='bbox 1137 2154 1196 2194; x_wconf 90' lang='lat' dir='ltr'>Et</span> <span class='ocrx_word' id='word_1_363' title='bbox 1217 2154 1289 2202; x_wconf 89' lang='lat' dir='ltr'>ait,</span> <span class='ocrx_word' id='word_1_364' title='bbox 1304 2153 1591 2194; x_wconf 87' lang='lat' dir='ltr'>Abscondam</span> <span class='ocrx_word' id='word_1_365' title='bbox 1609 2152 1764 2194; x_wconf 89' lang='lat' dir='ltr'>faciem</span> <span class='ocrx_word' id='word_1_366' title='bbox 1789 2166 1878 2194; x_wconf 91' lang='lat' dir='ltr'>me-</span> 
     </span>
     <span class='ocr_line' id='line_1_82' title="bbox 1076 2210 1879 2265; baseline 0 -13"><span class='ocrx_word' id='word_1_367' title='bbox 1076 2224 1149 2253; x_wconf 90' lang='lat' dir='ltr'>am</span> <span class='ocrx_word' id='word_1_368' title='bbox 1166 2211 1223 2252; x_wconf 92' lang='lat' dir='ltr'>ab</span> <span class='ocrx_word' id='word_1_369' title='bbox 1245 2211 1306 2252; x_wconf 88' lang='lat' dir='ltr'>eis</span> <span class='ocrx_word' id='word_1_370' title='bbox 1329 2226 1338 2252; x_wconf 76' lang='lat'>2</span> <span class='ocrx_word' id='word_1_371' title='bbox 1358 2217 1404 2253; x_wconf 88' lang='lat' dir='ltr'>et</span> <span class='ocrx_word' id='word_1_372' title='bbox 1420 2211 1720 2265; x_wconf 90' lang='lat' dir='ltr'>consyderabo</span> <span class='ocrx_word' id='word_1_373' title='bbox 1738 2210 1879 2252; x_wconf 88' lang='lat' dir='ltr'>nouis-</span> 
     </span>
     <span class='ocr_line' id='line_1_83' title="bbox 1079 2269 1381 2310; baseline 0 0"><span class='ocrx_word' id='word_1_374' title='bbox 1079 2269 1184 2310; x_wconf 80' lang='lat' dir='ltr'>sima</span> <span class='ocrx_word' id='word_1_375' title='bbox 1205 2282 1356 2310; x_wconf 91' lang='lat' dir='ltr'>eorum</span> <span class='ocrx_word' id='word_1_376' title='bbox 1373 2284 1381 2310; x_wconf 93' lang='lat'><strong>:</strong></span> 
     </span>
    </p>

    <p class='ocr_par' dir='ltr' id='par_1_33' title="bbox 1077 2325 1878 2437">
     <span class='ocr_line' id='line_1_84' title="bbox 1135 2325 1878 2381; baseline 0.001 -14"><span class='ocrx_word' id='word_1_377' title='bbox 1135 2327 1376 2368; x_wconf 89' lang='lat' dir='ltr'>Generatio</span> <span class='ocrx_word' id='word_1_378' title='bbox 1407 2327 1524 2368; x_wconf 89' lang='lat' dir='ltr'>enim</span> <span class='ocrx_word' id='word_1_379' title='bbox 1552 2325 1754 2381; x_wconf 90' lang='lat' dir='ltr'>peruersa</span> <span class='ocrx_word' id='word_1_380' title='bbox 1779 2325 1840 2368; x_wconf 90' lang='lat' dir='ltr'>est</span> <span class='ocrx_word' id='word_1_381' title='bbox 1868 2342 1878 2368; x_wconf 90' lang='lat'>:</span> 
     </span>
     <span class='ocr_line' id='line_1_85' title="bbox 1077 2383 1455 2437; baseline -0.003 -11"><span class='ocrx_word' id='word_1_382' title='bbox 1077 2390 1122 2426; x_wconf 86' lang='lat' dir='ltr'>et</span> <span class='ocrx_word' id='word_1_383' title='bbox 1143 2384 1344 2426; x_wconf 88' lang='lat' dir='ltr'>infideles</span> <span class='ocrx_word' id='word_1_384' title='bbox 1367 2383 1455 2437; x_wconf 89' lang='lat' dir='ltr'>filij.</span> 
     </span>
    </p>

    <p class='ocr_par' dir='ltr' id='par_1_34' title="bbox 1076 2441 1880 2606">
     <span class='ocr_line' id='line_1_86' title="bbox 1138 2441 1880 2497; baseline 0 -14"><span class='ocrx_word' id='word_1_385' title='bbox 1138 2443 1222 2497; x_wconf 75' lang='lat' dir='ltr'>Ipsi</span> <span class='ocrx_word' id='word_1_386' title='bbox 1256 2456 1328 2483; x_wconf 91' lang='lat' dir='ltr'>me</span> <span class='ocrx_word' id='word_1_387' title='bbox 1362 2447 1716 2496; x_wconf 88' lang='lat' dir='ltr'>prouocauerunt</span> <span class='ocrx_word' id='word_1_388' title='bbox 1749 2441 1794 2482; x_wconf 89' lang='lat' dir='ltr'>in</span> <span class='ocrx_word' id='word_1_389' title='bbox 1827 2455 1880 2483; x_wconf 94' lang='lat' dir='ltr'>eo</span> 
     </span>
     <span class='ocr_line' id='line_1_87' title="bbox 1076 2500 1879 2554; baseline 0 -13"><span class='ocrx_word' id='word_1_390' title='bbox 1076 2501 1151 2554; x_wconf 90' lang='lat' dir='ltr'>qui</span> <span class='ocrx_word' id='word_1_391' title='bbox 1180 2514 1269 2541; x_wconf 93' lang='lat' dir='ltr'>non</span> <span class='ocrx_word' id='word_1_392' title='bbox 1296 2506 1390 2541; x_wconf 90' lang='lat' dir='ltr'>erat</span> <span class='ocrx_word' id='word_1_393' title='bbox 1421 2501 1529 2541; x_wconf 91' lang='lat' dir='ltr'>deus</span> <span class='ocrx_word' id='word_1_394' title='bbox 1563 2515 1572 2541; x_wconf 72' lang='grc' dir='ltr'>ε</span> <span class='ocrx_word' id='word_1_395' title='bbox 1606 2506 1650 2541; x_wconf 88' lang='lat' dir='ltr'>et</span> <span class='ocrx_word' id='word_1_396' title='bbox 1683 2500 1879 2541; x_wconf 88' lang='lat' dir='ltr'>irritaue-</span> 
     </span>
     <span class='ocr_line' id='line_1_88' title="bbox 1078 2557 1653 2606; baseline -0.002 -7"><span class='ocrx_word' id='word_1_397' title='bbox 1078 2564 1179 2599; x_wconf 92' lang='lat' dir='ltr'>runt</span> <span class='ocrx_word' id='word_1_398' title='bbox 1200 2559 1243 2599; x_wconf 91' lang='lat' dir='ltr'>in</span> <span class='ocrx_word' id='word_1_399' title='bbox 1266 2558 1537 2599; x_wconf 88' lang='lat' dir='ltr'>vanitatibus</span> <span class='ocrx_word' id='word_1_400' title='bbox 1558 2557 1653 2606; x_wconf 90' lang='lat' dir='ltr'>suis,</span> 
     </span>
    </p>

    <p class='ocr_par' dir='ltr' id='par_1_35' title="bbox 1075 2615 1880 2773">
     <span class='ocr_line' id='line_1_89' title="bbox 1135 2615 1879 2669; baseline 0 -13"><span class='ocrx_word' id='word_1_401' title='bbox 1135 2616 1196 2657; x_wconf 89' lang='lat' dir='ltr'>Et</span> <span class='ocrx_word' id='word_1_402' title='bbox 1228 2629 1312 2668; x_wconf 84' lang='lat' dir='ltr'>ego</span> <span class='ocrx_word' id='word_1_403' title='bbox 1347 2615 1600 2669; x_wconf 90' lang='lat' dir='ltr'>prouocabo</span> <span class='ocrx_word' id='word_1_404' title='bbox 1633 2628 1709 2656; x_wconf 89' lang='lat' dir='ltr'>eos</span> <span class='ocrx_word' id='word_1_405' title='bbox 1744 2615 1788 2656; x_wconf 90' lang='lat' dir='ltr'>in</span> <span class='ocrx_word' id='word_1_406' title='bbox 1826 2628 1879 2656; x_wconf 92' lang='lat' dir='ltr'>eo</span> 
     </span>
     <span class='ocr_line' id='line_1_90' title="bbox 1075 2672 1880 2727; baseline 0 -13"><span class='ocrx_word' id='word_1_407' title='bbox 1075 2674 1149 2727; x_wconf 91' lang='lat' dir='ltr'>qui</span> <span class='ocrx_word' id='word_1_408' title='bbox 1168 2687 1256 2714; x_wconf 90' lang='lat' dir='ltr'>non</span> <span class='ocrx_word' id='word_1_409' title='bbox 1281 2672 1360 2714; x_wconf 80' lang='lat' dir='ltr'>est⁴</span> <span class='ocrx_word' id='word_1_410' title='bbox 1380 2673 1571 2727; x_wconf 87' lang='lat' dir='ltr'>populus</span> <span class='ocrx_word' id='word_1_411' title='bbox 1595 2688 1604 2715; x_wconf 90' lang='lat'>:</span> <span class='ocrx_word' id='word_1_412' title='bbox 1625 2679 1669 2715; x_wconf 88' lang='lat' dir='ltr'>et</span> <span class='ocrx_word' id='word_1_413' title='bbox 1686 2673 1731 2714; x_wconf 92' lang='lat' dir='ltr'>in</span> <span class='ocrx_word' id='word_1_414' title='bbox 1747 2678 1880 2727; x_wconf 87' lang='lat' dir='ltr'>gente</span> 
     </span>
     <span class='ocr_line' id='line_1_91' title="bbox 1077 2730 1542 2773; baseline 0 -1"><span class='ocrx_word' id='word_1_415' title='bbox 1077 2731 1207 2773; x_wconf 89' lang='lat' dir='ltr'>stulta</span> <span class='ocrx_word' id='word_1_416' title='bbox 1229 2730 1407 2772; x_wconf 87' lang='lat' dir='ltr'>irritabo</span> <span class='ocrx_word' id='word_1_417' title='bbox 1429 2731 1542 2772; x_wconf 91' lang='lat' dir='ltr'>illos.</span> 
     </span>
    </p>

    <p class='ocr_par' dir='ltr' id='par_1_36' title="bbox 1076 2787 1880 2953">
     <span class='ocr_line' id='line_1_92' title="bbox 1138 2787 1880 2842; baseline -0.001 -13"><span class='ocrx_word' id='word_1_418' title='bbox 1138 2789 1260 2842; x_wconf 84' lang='lat' dir='ltr'>Ignis</span> <span class='ocrx_word' id='word_1_419' title='bbox 1297 2788 1521 2829; x_wconf 88' lang='lat' dir='ltr'>succensus</span> <span class='ocrx_word' id='word_1_420' title='bbox 1557 2787 1617 2829; x_wconf 92' lang='lat' dir='ltr'>est</span> <span class='ocrx_word' id='word_1_421' title='bbox 1653 2787 1697 2829; x_wconf 90' lang='lat' dir='ltr'>in</span> <span class='ocrx_word' id='word_1_422' title='bbox 1736 2787 1880 2829; x_wconf 85' lang='lat' dir='ltr'>furore</span> 
     </span>
     <span class='ocr_line' id='line_1_93' title="bbox 1076 2845 1879 2900; baseline -0.001 -13"><span class='ocrx_word' id='word_1_423' title='bbox 1076 2860 1177 2887; x_wconf 89' lang='lat' dir='ltr'>meo</span> <span class='ocrx_word' id='word_1_424' title='bbox 1201 2861 1210 2887; x_wconf 73' lang='grc' dir='ltr'>ε</span> <span class='ocrx_word' id='word_1_425' title='bbox 1233 2852 1277 2887; x_wconf 91' lang='lat' dir='ltr'>et</span> <span class='ocrx_word' id='word_1_426' title='bbox 1299 2846 1472 2887; x_wconf 89' lang='lat' dir='ltr'>ardebit</span> <span class='ocrx_word' id='word_1_427' title='bbox 1492 2845 1625 2900; x_wconf 90' lang='lat' dir='ltr'>vsque</span> <span class='ocrx_word' id='word_1_428' title='bbox 1647 2846 1703 2887; x_wconf 91' lang='lat' dir='ltr'>ad</span> <span class='ocrx_word' id='word_1_429' title='bbox 1723 2845 1879 2887; x_wconf 87' lang='lat' dir='ltr'>inferni</span> 
     </span>
     <span class='ocr_line' id='line_1_94' title="bbox 1078 2904 1317 2953; baseline 0 -9"><span class='ocrx_word' id='word_1_430' title='bbox 1078 2904 1317 2953; x_wconf 87' lang='lat' dir='ltr'>nouisfima,</span> 
     </span>
    </p>
   </div>
   <div class='ocr_carea' id='block_1_6' title="bbox 1151 2994 1468 3077">
    <p class='ocr_par' dir='ltr' id='par_1_37' title="bbox 1151 2994 1468 3077">
     <span class='ocr_line' id='line_1_95' title="bbox 1151 2994 1468 3030; baseline -0.003 0"><span class='ocrx_word' id='word_1_431' title='bbox 1151 2994 1164 3015; x_wconf 85' lang='lat'>³</span> <span class='ocrx_word' id='word_1_432' title='bbox 1190 3001 1226 3030; x_wconf 88' lang='lat' dir='ltr'>te</span> <span class='ocrx_word' id='word_1_433' title='bbox 1250 2995 1354 3029; x_wconf 77' lang='lat' dir='ltr'>:add</span> <span class='ocrx_word' id='word_1_434' title='bbox 1367 2996 1404 3028; x_wconf 92' lang='lat' dir='ltr'>P.</span> <span class='ocrx_word' id='word_1_435' title='bbox 1426 2995 1468 3029; x_wconf 89' lang='lat' dir='ltr'>A.</span> 
     </span>
     <span class='ocr_line' id='line_1_96' title="bbox 1152 3042 1362 3077; baseline -0.014 -1"><span class='ocrx_word' id='word_1_436' title='bbox 1152 3042 1165 3063; x_wconf 81' lang='lat'>⁴</span> <span class='ocrx_word' id='word_1_437' title='bbox 1190 3049 1270 3077; x_wconf 88' lang='lat' dir='ltr'>erat</span> <span class='ocrx_word' id='word_1_438' title='bbox 1295 3054 1302 3076; x_wconf 89' lang='grc'>;</span> <span class='ocrx_word' id='word_1_439' title='bbox 1324 3043 1362 3075; x_wconf 89' lang='lat' dir='ltr'>P.</span> 
     </span>
    </p>
   </div>
   <div class='ocr_carea' id='block_1_7' title="bbox 2019 0 2066 1773">
    <p class='ocr_par' dir='ltr' id='par_1_38' title="bbox 2019 0 2066 1773">
     <span class='ocr_line' id='line_1_97' title="bbox 2019 0 2066 1773; baseline 0 0"><span class='ocrx_word' id='word_1_440' title='bbox 2019 0 2066 1773; x_wconf 95' lang='lat' dir='ltr'> </span> 
     </span>
    </p>
   </div>
   <div class='ocr_carea' id='block_1_8' title="bbox 2037 2227 2066 3392">
    <p class='ocr_par' dir='ltr' id='par_1_39' title="bbox 2037 2227 2066 3392">
     <span class='ocr_line' id='line_1_98' title="bbox 2037 2227 2066 3392; baseline 0 0"><span class='ocrx_word' id='word_1_441' title='bbox 2037 2227 2066 3392; x_wconf 95' lang='lat' dir='ltr'> </span> 
     </span>
    </p>
   </div>
  </div>
 </body>
</html>
