2066 3392
211 177 266 220 72
634 184 699 216 [Ν
722 185 882 217 FESTO
910 183 1127 216 SANCTAE
1162 183 1369 217 TRJNJTA
1378 185 1464 217 TIS.

219 259 265 305 {I
317 257 551 299 Dominica
598 259 836 301 Trinitatis
875 259 1025 314 prima

250 351 254 355 .
275 315 374 369 post
401 317 667 371 pentecosten.
728 318 812 358 Ad
847 317 1027 359 matuti-

280 387 397 415 num.
438 374 764 417 Inuitatorizmz.
813 373 1025 417 Sanftam

282 431 551 473 Trinitatem
584 447 721 474 vnum
765 433 912 474 Deum
953 447 1027 474 ve-

284 489 377 530 nite
465 491 713 532 adoremus.
811 491 1027 544 Hymnus.

284 546 455 624 Adesto
488 547 656 590 San&a
684 549 857 591 trinitas
887 555 936 590 vt
951 549 1030 602 sti-

274 612 362 658 pra
391 637 399 646 .

272 729 347 770 Ex
364 729 726 772 Deuteronomzffl.
785 729 932 771 Lec‘22‘0
951 729 991 784 j.

237 820 367 904 IAir
420 821 534 863 filius
590 822 790 863 Manasse
845 821 1034 875 possedit

312 893 493 921 omnem
539 881 765 934 regionem
816 880 1029 934 Argob...

230 943 385 978 contra
408 937 610 979 Phanum
634 938 821 992 Phogor.

320 1081 365 1127 ΙΙ
388 1079 463 1120 Ex
480 1079 609 1120 Aeris
628 1079 668 1120 Α
666 1077 955 1133 p0st0l0rum⁸.

454 1137 600 1179 Lemo
608 1137 811 1191 fhcunda.

235 1228 370 1311 VIr
419 1234 570 1294 autem
619 1229 803 1294 quidam
856 1227 1036 1269 nomine

352 1286 661 1328 Ananias...1n
706 1286 939 1341 templum,
991 1292 1036 1327 et

231 1345 464 1387 docebant.

235 1485 280 1531 (I
296 1481 335 1523 A
346 1481 572 1537 agustinus
583 1480 650 1523 ⁴z'72
668 1480 799 1523 libro‘¹
814 1481 866 1522 de
885 1482 1036 1524 Trini-

410 1547 504 1582 tate.
565 1540 712 1581 Leaio
733 1539 873 1582 tertia.

317 1631 534 1672 Redimus
552 1629 747 1671 samstam
764 1631 1009 1672 trinitatem
1029 1643 1037 1669 ε

345 1689 390 1730 id
424 1689 484 1730 est
515 1695 703 1742 patrem,
734 1695 778 1729 et
810 1688 961 1736 filium,
993 1692 1037 1727 et

237 1747 434 1801 spiritum
477 1745 675 1787 sanetum
717 1760 853 1787 vnum
901 1746 1036 1786 deum

236 1805 604 1859 omnipotentem,
620 1804 747 1845 vnius
763 1803 1012 1844 substantiae
1028 1818 1036 1844 ε

236 1863 365 1904 vnius
401 1862 642 1916 potestatis,
672 1862 802 1903 vnius
834 1861 1037 1910 essentiae,

237 1927 480 1962 creatorem
503 1920 702 1960 omnium
725 1925 1035 1960 creaturarum.

235 1979 282 2020 A
297 1992 384 2032 quo
398 1979 548 2019 omnia
564 1994 572 2019 :
589 1991 667 2031 per
680 1977 1035 2031 quemomnia,in

236 2051 326 2090 quo
348 2036 508 2077 omnia.
562 2036 794 2078 Credimus
817 2041 988 2089 patrem
1012 2033 1038 2075 a

237 2094 467 2148 semetipso
501 2107 589 2135 non
620 2093 678 2134 ab
708 2094 808 2144 alio,
839 2093 978 2133 filium
1011 2091 1037 2133 a

236 2159 362 2206 patre
405 2152 606 2206 genitum
653 2166 661 2192 :
709 2152 843 2192 deum
883 2164 1036 2192 verum

236 2212 293 2251 de
321 2211 407 2251 deo
438 2224 542 2251 vero
575 2225 583 2250 :
614 2209 764 2250 lumen
796 2222 948 2250 verum
981 2209 1037 2250 de

237 2268 404 2309 lumine
435 2282 541 2309 vero
579 2283 587 2308 :
623 2281 712 2308 non
754 2273 906 2308 tamen
947 2267 1037 2308 duo

236 2326 405 2367 lumina
437 2325 508 2366 sed
539 2338 676 2366 vnum
709 2324 871 2366 lumen.
933 2325 1038 2367 Cre—

237 2385 383 2424 dimus
406 2383 603 2438 spiritum
626 2381 823 2423 san6³mm
856 2381 882 2423 ὲ.
912 2389 1038 2436 patre

237 2448 281 2483 et
310 2441 400 2482 filio
429 2440 659 2495 aequaliter
689 2441 1005 2494 procedentem
1029 2456 1037 2481 ε

235 2498 649 2541 consubstantialem
686 2504 730 2539 et
766 2504 1035 2539 coaeternum

236 2558 351 2611 patri
385 2563 429 2598 et
460 2556 564 2597 filio.
628 2556 759 2597 Pater
788 2556 849 2597 est
879 2556 1037 2609 plenus

238 2616 347 2656 deus
379 2615 423 2655 in
456 2614 508 2662 se,
535 2614 651 2654 filius
683 2613 840 2667 plenus
871 2615 980 2654 deus
1012 2613 1038 2655 a

237 2679 363 2727 patre
405 2673 581 2726 genitus
613 2687 621 2712 t
654 2671 827 2725 spiritus
863 2670 1037 2712 sanetus

237 2731 395 2785 plenus
446 2730 554 2770 deus
606 2728 632 2770 a
681 2736 807 2782 patre
852 2736 896 2770 et
947 2729 1038 2770 filio

238 2789 492 2843 procedens.
574 2787 678 2827 Non
742 2793 892 2828 tamen
950 2793 1037 2828 tres

309 2907 321 2928 ¹
348 2906 435 2941 vide
453 2917 485 2950 p.
507 2914 560 2947 71.

308 2953 323 3023 ἒ
348 2952 411 2998 [iii.
437 2951 613 3006 ¹4†*²9·]-

351 3002 414 3036 Ca.
437 3009 453 3045 5
475 3011 515 3034 m
535 3012 579 3034 m.
600 2999 647 3045 [v.
673 3010 778 3034 [ψει
801 2999 850 3044 a.]

1093 259 1201 300 deos
1241 260 1442 310 dicimus,
1480 260 1552 302 sed
1589 274 1723 302 vnum
1761 260 1895 302 deum

1094 318 1448 372 omnipotentem
1482 335 1491 360 ;
1521 325 1736 360 aeternum
1781 331 1790 359 :
1832 317 1896 357 in-

1094 376 1307 417 uissbilem
1322 392 1330 417 :
1345 376 1765 418 incommutabilem.
1806 374 1896 428 Qui

1095 440 1217 475 totus
1257 435 1421 488 vbique
1461 434 1534 484 est,
1570 440 1692 475 totus
1732 433 1895 486 vbique

1096 491 1285 545 praesens
1308 508 1316 533 :
1338 506 1427 533 non
1449 506 1528 546 per
1555 498 1702 546 partes
1731 490 1896 532 diuisus

1098 550 1170 590 sed
1196 556 1317 591 totus
1339 550 1382 590 in
1409 550 1617 591 omnibus
1646 549 1753 590 locis
1775 564 1784 590 z
1806 561 1895 588 non

1098 607 1307 658 localiter,
1335 608 1406 649 sed
1433 607 1746 661 potentialiter.
1807 605 1897 659 Qui

1099 665 1186 706 sme
1244 666 1492 707 mutatione
1543 665 1604 705 sui
1666 663 1898 705 mutabilia

1100 721 1260 764 cunffita
1295 724 1461 764 creauit
1502 739 1511 764 :
1551 729 1596 764 et
1631 728 1779 763 creata
1818 735 1899 775 gu-

1100 781 1257 828 bernat
1297 795 1305 822 z
1342 781 1512 835 semper
1551 794 1736 821 manens
1777 778 1898 832 quod

1101 840 1172 881 est.
1235 840 1317 882 Cui
1339 840 1447 880 nihil
1477 839 1680 880 accidens
1709 837 1792 878 esse
1821 850 1899 890 po-

1101 899 1203 940 terit
1243 913 1252 940 :
1289 899 1394 952 quia
1434 897 1616 951 simplici
1652 894 1898 936 diuinitatis

1102 963 1272 998 naturae
1324 972 1333 998 :
1384 955 1443 996 nil
1494 955 1599 996 addi
1646 953 1717 995 vel
1761 952 1901 994 minui

1102 1014 1244 1070 potest
1290 1031 1298 1056 :
1338 1014 1442 1068 quia
1482 1013 1653 1066 semper
1683 1011 1745 1053 est
1779 1010 1902 1064 quod

1102 1073 1175 1114 est.
1247 1072 1329 1114 Cui
1380 1071 1607 1126 proprium
1659 1069 1719 1110 est
1771 1083 1781 1110 ε
1832 1068 1902 1108 cui

1102 1131 1415 1185 sempiternum
1447 1129 1508 1170 est
1540 1145 1548 1170 :
1579 1128 1647 1169 cui
1689 1128 1807 1168 idem
1841 1125 1903 1166 est

1103 1190 1188 1230 esse
1212 1205 1220 1230 :
1243 1189 1391 1231 viuere
1413 1203 1422 1229 ε
1450 1193 1495 1229 et
1522 1186 1777 1239 intelligere.
1842 1183 1902 1224 Et

1102 1248 1199 1289 haec
1249 1247 1333 1288 tria
1381 1259 1494 1287 vnus
1543 1245 1665 1294 deus,
1705 1249 1750 1284 et
1789 1255 1904 1283 vnus

1105 1306 1213 1347 deus
1254 1305 1349 1346 haec
1388 1305 1482 1345 tria.
1545 1303 1672 1343 Idem
1714 1302 1822 1342 deus
1858 1305 1905 1340 et

1104 1364 1312 1405 dominus
1365 1378 1373 1404 ε
1412 1375 1515 1403 vera
1555 1367 1600 1401 et
1641 1359 1905 1412 sempiterna

1103 1423 1278 1463 trinitas
1326 1421 1370 1461 in
1411 1419 1605 1474 personis
1657 1433 1666 1458 ε
1715 1430 1819 1458 vera
1859 1421 1904 1456 et

1104 1481 1368 1534 sempiterna
1388 1478 1534 1519 vnitas
1566 1477 1609 1517 in
1633 1474 1870 1516 substantia
1895 1486 1904 1514 ε

1103 1539 1208 1592 quia
1257 1551 1346 1578 vna
1396 1535 1633 1576 substantia
1683 1539 1810 1587 pater
1857 1537 1904 1572 et

1103 1597 1218 1637 filius
1255 1601 1299 1636 et
1340 1594 1512 1648 spiritus
1549 1590 1733 1632 san&us.
1791 1590 1905 1630 Haec

1102 1669 1207 1695 vero
1237 1654 1394 1694 eadem
1417 1649 1566 1692 san&a
1594 1650 1767 1691 trinitas
1799 1663 1808 1688 ε
1840 1647 1905 1687 ni-

1103 1713 1166 1753 hil
1196 1712 1338 1752 maius
1370 1709 1431 1750 est
1462 1709 1506 1749 in
1538 1708 1678 1749 tribus
1709 1705 1904 1760 personis

1104 1769 1228 1811 simul
1257 1767 1496 1809 nominatis
1527 1782 1536 1807 :
1568 1779 1703 1819 quam
1741 1765 1785 1805 in
1815 1777 1904 1805 vna

1104 1828 1301 1882 qualibet
1349 1825 1532 1879 persona
1572 1823 1704 1865 semel
1744 1836 1823 1876 per
1863 1821 1905 1862 se

1105 1885 1226 1927 diEta
1273 1901 1280 1926 :
1316 1884 1419 1937 quia
1454 1896 1541 1924 vna
1577 1894 1765 1935 quaeque
1805 1893 1905 1934 per-

1105 1944 1209 1984 sona
1242 1943 1374 1996 plena
1407 1941 1468 1982 est
1500 1940 1737 1980 substantia
1772 1938 1817 1978 in
1851 1937 1904 1979 se.

1106 2002 1210 2043 Non
1239 2007 1390 2042 tamen
1415 2005 1504 2040 tres
1526 1997 1775 2039 substantiae
1797 2009 1807 2037 ε
1831 1995 1903 2036 sed

1106 2074 1217 2101 vnus
1246 2060 1366 2108 deus,
1392 2070 1480 2098 vna
1509 2055 1745 2097 substantia
1780 2069 1789 2095 z
1818 2066 1905 2094 vna

1106 2118 1306 2172 potentia
1324 2131 1332 2156 :
1349 2129 1436 2156 vna
1454 2114 1634 2155 essentia
1651 2128 1660 2153 t
1677 2126 1764 2153 vna
1778 2117 1905 2152 aeter-

1106 2177 1222 2216 nitas
1266 2187 1410 2216 :.vna
1460 2171 1724 2225 magnitudo
1767 2183 1777 2211 z
1816 2182 1904 2210 vna

1105 2234 1281 2275 bonitas
1311 2247 1319 2272 :
1350 2237 1486 2285 pater,
1510 2236 1554 2271 et
1576 2229 1701 2278 filius,
1718 2234 1763 2270 et
1785 2226 1903 2282 spiri-

1105 2298 1177 2333 tus
1199 2288 1384 2332 sanfflms.

1106 2469 1151 2514 {1
1174 2464 1307 2506 Feria
1328 2464 1384 2517 ,ist
1445 2463 1519 2503 Ex
1544 2459 1905 2503 Deuteronomio⁵.

1347 2521 1493 2562 Lec‘Zz'o
1502 2520 1668 2574 prima.

1114 2613 1235 2697 ET
1245 2625 1361 2653 nunc
1371 2610 1502 2652 Israel
1510 2610 1614 2651 audi
1624 2615 1846 2663 praecepta
1860 2614 1905 2650 et

1227 2670 1387 2711 iudicia
1409 2682 1509 2722 quae
1531 2682 1615 2721 ego
1637 2668 1777 2708 doceo
1802 2673 1900 2707 te...

1107 2729 1335 2828 Cusittodite
1366 2727 1501 2781 igitur
1536 2725 1702 2767 solicite
1734 2725 1906 2766 animas

1106 2802 1160 2828 ve
1202 2800 1280 2828 raS.

1178 2904 1229 2926 ⁴4
1255 2902 1431 2938 homilia:
1451 2903 1495 2936 A.

1179 2953 1192 2974 5
1220 2953 1283 2986 Ca,
1303 2960 1326 2993 4
1343 2951 1383 2985 in
1402 2961 1451 2984 m.
1473 2947 1535 2994 [iv.
1560 2957 1667 2993 1—15
1690 2945 1739 2992 a.]
