2066 3392
221 158 300 210 136

212 254 423 308 quoniam
465 256 679 297 exaudita
715 255 775 297 est
809 257 1017 310 depreca-

215 313 279 353 tio
316 312 422 354 tua².
463 327 579 355 vxor
613 313 839 355 Elisabeth
876 314 1018 367 pariet

216 370 295 411 tibi
333 370 470 412 filium
509 387 517 412 ε
551 378 595 413 et
636 372 813 413 vocabis
855 385 1017 412 nomen

215 429 308 468 eius
342 428 568 470 Ioannem.
630 429 726 470 Nec
758 429 894 470 solum
927 443 1017 478 vos,

216 485 287 527 sed
335 486 461 528 multi
503 493 717 541 praeterea
758 486 838 528 ob²
889 487 1018 541 ipsius

215 550 360 585 ortum
418 546 688 598 gaudebunt.
752 545 849 586 Erit
899 545 1017 586 enim

216 615 403 655 magnus
435 617 582 644 coram
615 602 799 643 domino
829 618 837 643 z
865 603 1017 643 vinum

215 667 260 700 et
286 659 460 700 siceram
494 674 580 700 non
614 661 749 709 bibet,
772 667 815 701 et
848 660 1016 714 Spiritu

216 716 365 758 sancto
399 717 640 771 replebitur
674 719 717 759 in
759 725 884 759 vtero
925 718 1018 771 ipso

217 776 368 816 matris
407 775 504 824 suae,
541 781 586 816 et
621 775 785 816 multos
827 775 1016 816 filiorum

219 832 350 873 Israel
386 833 442 874 ad
477 834 708 874 dominum
745 839 974 874 conuertet
1008 847 1016 875 :

215 897 259 932 et
310 890 399 944 ipse
450 893 670 945 praecedet
722 891 857 933 illum.
929 891 1018 932 Re-

217 948 392 1001 spondit
453 949 690 998 zacharias,
741 950 873 990 Vnde
933 949 1017 990 hoc

216 1006 359 1056 sciam,
381 1007 456 1060 qui
479 1006 613 1048 senex
637 1007 741 1056 sum,
765 1013 810 1048 et
831 1021 1017 1048 onrem

215 1064 359 1105 habeo
382 1064 560 1106 senem?
603 1065 662 1106 Et
680 1065 874 1118 angelus.
917 1065 1018 1118 Ego

217 1122 397 1176 (inquit)
430 1122 523 1163 sum
557 1121 748 1172 Gabriel,
783 1123 943 1172 missus,
971 1129 1018 1164 vt

216 1180 311 1221 haec
352 1180 433 1221 tibi
479 1181 734 1222 nunciarem
782 1196 790 1222 ε
830 1187 874 1222 et
915 1181 1019 1234 quia

215 1237 323 1278 mihi
358 1252 446 1279 non
481 1239 711 1288 credidisti,
749 1245 898 1279 mutus
935 1239 1018 1279 eris

215 1296 369 1344 donec,
402 1310 502 1349 quae
534 1297 753 1346 nunciaui,
775 1296 894 1337 fiant.
960 1297 1018 1337 E-

214 1354 378 1407 gressus
412 1355 546 1408 igitur
577 1354 800 1395 zacharias
833 1354 889 1395 ad
928 1354 1018 1408 ple-

215 1412 317 1452 bem
354 1419 484 1453 extra
521 1412 738 1466 templum
775 1410 1019 1466 expeffitan-

215 1476 319 1518 tem,
336 1475 380 1511 et
404 1483 572 1511 moram
596 1472 688 1511 eius
710 1470 1019 1520 admirantem,

215 1527 335 1580 loqui
362 1542 450 1568 non
473 1534 659 1582 poterat.
681 1542 769 1582 quo
791 1528 1018 1581 cognitum

215 1584 297 1626 suit
319 1585 458 1639 ipsum
475 1586 682 1626 vislonem
697 1586 859 1627 vidisse.
904 1585 1018 1626 Cum

218 1643 351 1696 igitur
381 1642 569 1697 peratffis
607 1643 737 1696 officij
776 1643 932 1685 diebus
974 1644 1017 1683 in

216 1701 399 1741 domum
430 1701 549 1742 suam
583 1701 783 1754 redijsset‚
815 1701 1018 1754 concepit

217 1758 454 1809 Elisabeth,
472 1760 591 1813 quod
611 1759 736 1801 sexto
755 1759 850 1813 post
874 1759 1019 1799 mense

216 1817 334 1857 idem
376 1818 559 1870 angelus
594 1817 821 1858 nunciauit
863 1817 1018 1858 Mariae

214 1875 378 1915 dicens.
418 1875 534 1915 Ecce
567 1875 792 1916 Elisabeth
827 1881 1019 1927 cognata

216 1939 293 1973 tua
321 1934 526 1986 concepit
548 1933 686 1974 filium
717 1934 759 1974 in
785 1931 1018 1974 sene&ute.

218 1990 376 2044 Itaque
400 1990 624 2031 Elisabeth
646 1991 800 2032 videns
828 1991 1017 2031 Mariam

217 2047 437 2089 salutandi
488 2049 540 2098 se,
580 2049 836 2102 visendique
876 2049 1019 2102 gratia

216 2107 400 2147 domum
434 2106 562 2160 ipsius
595 2107 839 2160 ingressam,
872 2106 1019 2147 excla-

216 2164 367 2213 mauit,
386 2162 649 2205 Benedifftus
672 2163 838 2205 sru&us
854 2164 1019 2205 ventris

217 2222 292 2263 tui.
356 2222 415 2263 Et
442 2222 562 2272 illud,
587 2222 824 2263 Exultauit
854 2222 1019 2275 gaudio

218 2279 362 2320 infans
378 2280 420 2320 in
436 2286 559 2321 vtero
575 2294 687 2321 meo.
731 2279 845 2321 Cum
868 2286 1018 2320 autem

218 2338 462 2390 peperisset,
484 2344 528 2379 et
560 2336 720 2379 o&auo
752 2338 824 2378 die
855 2339 910 2378 de
942 2351 1020 2378 no-

221 2395 339 2436 mine
362 2396 454 2436 nati
478 2396 796 2436 consultaretur
825 2411 833 2436 :
864 2395 1019 2436 zacha-

220 2453 304 2493 rias
333 2453 642 2506 interrogatus,
663 2467 762 2494 cum
787 2452 907 2506 loqui
931 2467 1019 2494 non

218 2510 367 2563 posset,
384 2511 557 2565 scripfit,
577 2511 767 2552 Ioannes
781 2510 841 2551 est
856 2525 1019 2552 nomen

219 2568 322 2610 eius.
386 2569 445 2610 Et
476 2569 572 2622 post
599 2569 695 2609 haec
715 2582 871 2609 vocem
903 2583 1019 2609 rece-

220 2626 297 2678 pit,
319 2640 407 2680 qua
429 2627 612 2667 domino
634 2627 833 2681 quotidie
854 2627 1019 2680 gratias

219 2683 391 2736 agebat.

292 2894 301 2915 ¹
330 2899 366 2928 ct
390 2906 396 2927 Ζ
417 2894 499 2928 add.
523 2895 558 2928 P.

291 2940 304 2961 ²
330 2940 377 2975 ad
399 2952 406 2975 :
431 2942 466 2975 P.
483 2942 526 2975 Α.

291 2987 304 3009 ³
330 2988 388 3022 die
409 2987 462 3022 26.
483 2988 522 3021 t‘n
542 2999 587 3021 m.
642 2996 683 3030 27
708 2999 714 3022 :
738 2989 780 3023 P.

955 179 980 209 J
983 177 1076 211 UNI
1078 177 1144 211 US.

1133 291 1317 332 Ioannes
1347 296 1389 331 et
1419 290 1590 331 Paulus
1629 295 1848 343 martyres.

1317 348 1463 390 LeHio
1494 347 1624 390 tertia
1632 346 1656 389 ³.

1141 429 1322 472 Oannes
1345 435 1388 471 et
1408 429 1567 471 Paulus
1587 429 1741 470 fratres
1758 426 1889 469 chris-

1169 487 1302 528 tianae
1343 487 1566 541 religionis
1602 485 1889 534 colentissimi,

1085 545 1311 586 domestici
1370 545 1546 586 suerunt
1617 543 1887 586 Constantiae

1086 602 1188 644 filiae
1244 602 1519 644 Constantini
1572 602 1734 655 magni.
1795 600 1887 643 Sed

1085 674 1186 702 cum
1212 661 1409 701 Iulianus
1432 660 1631 714 apostata
1652 659 1886 713 imperium

1086 718 1335 773 excepisset,
1361 716 1501 759 sac'tus
1532 718 1692 759 certior
1717 717 1799 758 hos
1827 730 1887 757 ex

1087 777 1260 830 magnis
1302 776 1597 825 facultatibus,
1639 788 1750 829 quas
1801 773 1886 815 illis

1087 833 1345 876 Constantia
1387 834 1634 887 reliquerat,
1669 845 1886 887 pauperes

1085 891 1214 941 alere,
1245 891 1514 933 occasionem
1547 891 1768 946 captabat,
1797 889 1888 931 eos-

1085 951 1188 991 dem
1223 949 1450 1004 spoliandi.
1498 949 1629 990 Iubet
1654 949 1787 1003 igitur
1810 961 1887 988 eos

1086 1007 1169 1048 suis
1191 1007 1440 1049 domesticis
1469 1007 1664 1056 adscribi,
1687 1019 1776 1047 non
1804 1006 1885 1047 du·

1085 1066 1232 1107 bitans
1264 1065 1362 1106 illos
1402 1065 1703 1106 conditionem
1744 1063 1888 1117 religi-

1085 1123 1182 1164 onis
1204 1124 1346 1177 gratia
1368 1123 1649 1164 recusaturos.
1706 1121 1886 1175 Negan-

1085 1181 1202 1222 tibus
1254 1182 1388 1235 igitur
1428 1180 1512 1221 illis
1558 1181 1650 1221 eius
1703 1179 1743 1220 se
1794 1179 1886 1220 fore

1086 1239 1348 1280 domesticos
1382 1245 1459 1280 aut
1493 1239 1677 1280 comites
1712 1253 1720 1278 :
1753 1237 1828 1291 qui
1859 1251 1886 1278 a

1085 1297 1316 1338 christiana
1345 1297 1523 1351 pietate·
1539 1295 1771 1345 defecisset,
1793 1295 1887 1348 spa-

1085 1356 1201 1396 cium
1234 1355 1388 1396 decem
1414 1355 1583 1396 dierum
1613 1353 1853 1408 praescribit
1877 1366 1886 1394 ε

1085 1427 1175 1466 quo
1220 1413 1289 1453 vel
1340 1413 1556 1466 imperata
1596 1412 1800 1460 facerent,
1841 1416 1887 1452 et

1089 1471 1185 1511 Ioui
1233 1470 1521 1511 sacrificarent
1562 1469 1630 1511 vel
1673 1469 1714 1511 se
1754 1475 1886 1515 certae

1086 1529 1218 1570 morti
1260 1534 1478 1581 pararent.
1544 1527 1628 1581 Ipsi
1669 1541 1774 1569 vero
1813 1540 1886 1568 ac-

1087 1592 1216 1640 cepta
1238 1587 1492 1627 conditione
1522 1585 1684 1626 bonam
1714 1591 1885 1639 partem

1086 1643 1258 1685 suarum
1309 1643 1570 1684 facultatum
1621 1643 1886 1697 pauperibus

1085 1701 1338 1755 praescripto
1352 1707 1551 1754 tempore
1565 1700 1885 1742 distribuerunt.

1087 1759 1275 1800 Decima
1297 1759 1369 1800 die
1391 1759 1684 1800 Terentianus
1706 1757 1886 1811 praefec-

1087 1823 1157 1858 tus
1180 1817 1398 1871 praetoriae
1421 1817 1614 1857 cohortis
1637 1816 1795 1867 missus,
1809 1830 1886 1857 eos

1086 1875 1256 1916 inuenit
1285 1881 1475 1924 orantes,
1497 1873 1522 1915 a
1553 1888 1642 1928 quo
1673 1874 1778 1928 quid
1805 1874 1887 1915 sta-

1086 1933 1262 1974 tuissent
1285 1934 1440 1986 rogati,
1469 1946 1570 1974 cum
1603 1932 1644 1972 se
1675 1946 1755 1986 pro
1783 1945 1887 1973 vera

1087 1991 1296 2044 religione
1333 1990 1464 2031 morti
1497 1997 1676 2043 paratos
1707 1990 1791 2031 esse
1821 2003 1888 2030 re-

1087 2048 1354 2102 spondissent
1405 2063 1413 2088 :
1459 2048 1531 2088 ille
1573 2047 1668 2101 post
1708 2048 1885 2089 tertiam

1086 2104 1227 2147 no&is
1255 2106 1410 2147 horam
1442 2106 1486 2146 in
1518 2106 1653 2147 domo
1684 2105 1887 2159 ipsorum,

1086 2178 1141 2205 ne
1167 2164 1290 2205 fieret
1318 2163 1547 2213 tumultus,
1567 2164 1711 2217 capite
1742 2170 1887 2205 trunc-

1087 2222 1179 2263 auit
1202 2237 1209 2263 :
1232 2236 1283 2263 ac
1306 2221 1469 2263 secreto
1491 2221 1699 2275 sepeliuit,
1721 2216 1888 2262 rumorss

1087 2294 1172 2334 que
1205 2294 1282 2334 per
1312 2278 1483 2320 orbem⁴
1515 2280 1572 2320 ab
1603 2276 1889 2320 interfe&ori-

1086 2339 1168 2379 bus
1202 2337 1368 2391 sparsus
1402 2336 1639 2378 increbuit5
1672 2337 1886 2378 Ioannem

1088 2402 1131 2437 et
1156 2395 1340 2436 Paulum
1364 2395 1406 2435 in
1431 2395 1615 2436 exilium
1639 2394 1760 2435 fuisse
1789 2394 1887 2435 mis-

1088 2453 1165 2494 sos.
1229 2453 1318 2495 Sed
1370 2466 1438 2493 res
1484 2453 1721 2493 enunciata
1761 2452 1821 2493 est
1862 2450 1889 2492 ὲ,

1088 2510 1379 2560 daemonibus‚
1419 2510 1494 2563 qui
1542 2523 1730 2564 corpora
1780 2523 1889 2563 quo-

1090 2569 1277 2610 rundam
1319 2568 1587 2609 obsidebant.
1647 2567 1693 2608 A
1729 2568 1889 2621 quibus

1090 2626 1368 2667 daemonibus
1386 2639 1486 2666 cum
1506 2625 1758 2666 Terentiani
1775 2624 1890 2666 filius

1089 2690 1338 2732 vexaretur,
1366 2680 1524 2724 ἀυξὶυε
1556 2684 1611 2724 ad
1645 2689 1888 2736 martyrum

1161 2893 1173 2915 4
1199 2893 1327 2928 vrbem
1351 2904 1358 2927 z
1379 2893 1421 2926 R.
1440 2892 1477 2926 P.
1494 2891 1536 2926 A.

1161 2941 1174 2962 5
1200 2940 1381 2985 increpuit
1405 2939 1473 2974 :A.
