2066 3392
0 287 3 292 ’
0 194 10 254 vv:-
0 1 11 187 ’'''V-PW⁷⁴-b

882 239 1179 274 DECEMBER.
1786 243 1866 287 179

189 320 467 362 christianam
498 319 595 370 esse,
620 333 671 361 ac
703 318 994 373 superstitioni

190 378 450 419 seruientem
491 378 611 419 bona
652 377 726 418 sua
767 376 992 430 diffipaffe.

192 436 440 477 Paschafius
470 442 619 477 autem
645 449 746 476 cum
776 435 898 476 nulla
926 449 992 475 ra-

189 494 310 535 tione
328 494 533 548 potuisset
549 507 648 534 eam
667 492 692 534 a
709 506 811 534 vera
825 493 992 546 pietate

188 553 245 593 ad
293 552 512 593 idolorum
557 551 738 600 cultum,
778 556 988 599 auertere,

190 609 341 651 multis
357 615 401 650 et
417 609 589 663 magnis
606 608 839 650 tormentis
856 608 991 649 cruci-

186 674 320 717 atam,
343 667 465 708 iubet
495 673 650 721 guttur
676 666 826 720 gladio
854 666 990 707 trans-

188 724 275 778 figi.
337 725 426 767 Sed
468 725 553 766 hoc
587 724 766 766 vulnere
806 730 991 778 accepto

185 783 310 836 virgo
332 796 420 824 non
443 789 547 824 ante
567 782 708 824 amifit
723 795 890 832 vocem,
909 795 990 823 nec

189 840 387 895 spiritum
427 841 577 889 emisit,
610 854 745 894 quam
777 840 990 881 diuinitus

188 899 338 953 aliqua
351 899 498 940 futura
512 899 783 952 praediceret,
799 904 843 939 et
861 898 905 938 in
922 897 990 938 his

187 956 376 998 ecclefiae
405 956 772 1011 tranquillitatem
794 955 987 997 suturam

187 1014 284 1069 post
325 1014 593 1056 Maximiani
635 1020 679 1055 et
722 1013 989 1055 Diocletiani

187 1078 391 1127 tempora
419 1072 462 1113 in
490 1071 651 1126 quibus
672 1071 792 1126 passa
813 1071 874 1112 est
894 1085 987 1112 ‚xx.

187 1130 395 1172 calendas
429 1129 636 1184 Ianuarij.
697 1130 805 1171 Eius
838 1135 988 1170 autem

186 1202 347 1242 corpus
370 1188 577 1231 Siracufis
600 1188 829 1229 conditum
851 1186 923 1237 est,
946 1193 990 1228 et

187 1245 323 1300 longo
363 1245 460 1300 post
500 1251 702 1300 tempore
739 1244 989 1288 Constanti-

186 1303 386 1358 nopolim
446 1303 726 1354 translatum,
783 1309 827 1345 et
887 1302 990 1343 hinc

188 1361 410 1417 postremo
430 1361 655 1404 Venetias.

185 1526 231 1574 (Ι
253 1520 440 1564 Thomas
452 1520 657 1576 apqslolus
669 1519 824 1575 duplex
834 1518 988 1561 maius.

507 1610 671 1653 Oratio.

194 1701 325 1785 DA
365 1702 494 1743 nobis
525 1700 775 1755 quaesumus
808 1700 990 1742 domine

307 1759 427 1801 beati
468 1759 652 1814 apostoli
694 1759 758 1800 tui
801 1758 989 1799 Thomae

186 1816 522 1859 solennitatibus
555 1817 732 1871 gloriari
771 1832 779 1857 :
813 1822 860 1857 vt
896 1817 989 1857 eius

186 1874 357 1930 semper
368 1881 413 1917 et
428 1874 685 1929 patrocinijs
702 1873 991 1922 subleuemur,

187 1939 232 1975 et
253 1932 387 1975 fidem
415 1946 612 1988 congrua
633 1932 874 1974 deuotione
905 1931 991 1972 sec-

188 1997 334 2032 temur
357 2005 365 2032 :
388 2004 475 2045 per.

459 2127 604 2168 Lec‘lio
625 2125 721 2181 jis.

190 2202 449 2287 THomas
489 2202 563 2257 qui
598 2209 642 2244 et
674 2201 883 2255 didymus
914 2214 990 2254 ap-

298 2260 490 2315 pellatur
503 2261 682 2302 natione
694 2259 895 2314 galilaeus
912 2258 992 2300 fuit

189 2319 247 2360 de
282 2332 466 2360 numero
500 2318 736 2360 duodecim
774 2316 992 2371 apostolo-

191 2390 299 2418 rum.
363 2377 481 2418 Huic
510 2375 729 2418 Christum
760 2374 786 2416 a
807 2374 992 2415 mortuis

191 2433 417 2476 surrexisse
448 2433 683 2482 dubitanti,
711 2446 791 2474 nec
822 2432 992 2473 caeteris

190 2491 398 2546 apostolis
420 2492 580 2546 quibus
602 2491 693 2545 ipso
715 2490 893 2532 absente
915 2503 991 2543 ap-

191 2556 408 2604 paruerat,
438 2563 539 2591 eum
583 2548 807 2591 surrexisse
838 2547 993 2589 confir-

193 2607 429 2657 mantibus,
450 2607 658 2656 credenti,
681 2605 875 2648 Christus
905 2604 993 2659 ipse

191 2663 473 2707 tractandum
497 2664 538 2706 se
560 2665 759 2719 praebuit.
824 2662 991 2717 Ingres-

192 2722 260 2764 sus
307 2723 425 2764 enim
479 2722 645 2764 foribus
692 2721 845 2763 clausis
893 2721 994 2762 huic

193 2780 380 2834 professo
413 2780 453 2822 se
486 2794 572 2821 non
604 2780 886 2827 crediturum,
918 2778 992 2819 nisi

262 2937 272 2958 ¹
300 2937 360 2972 die
379 2947 446 2972 .21.
466 2939 506 2972 in
526 2949 571 2971 m.

262 2983 276 3006 ²
300 2995 480 3019 manuum
500 2997 506 3019 :
525 2985 568 3018 Λ.

263 3031 277 3051 ³
302 3032 502 3067 tumultum
523 3043 529 3065 :
554 3032 588 3065 1⁸.

266 3078 277 3099 ⁴
302 3084 339 3114 et
361 3090 367 3112 :
388 3079 425 3112 P.
445 3079 488 3113 A.

1062 321 1253 374 digitum
1283 322 1326 363 in
1349 322 1531 364 vulnera
1558 322 1797 373 clauorum,
1819 331 1863 365 et

1064 378 1267 420 manum²
1302 380 1345 421 in
1387 380 1552 421 lanceae
1585 380 1766 434 plagam
1799 381 1864 422 in-

1062 436 1261 486 seruisset,
1295 438 1339 479 in
1381 439 1530 479 medio
1565 438 1860 492 apostolorum

1062 494 1294 536 consistens
1322 496 1450 545 dixit,
1481 495 1600 537 Inser
1632 495 1717 537 huc
1749 497 1862 550 digi-

1061 558 1157 594 tum
1180 560 1318 604 tuum,
1340 560 1384 594 et
1405 554 1506 595 vide
1529 567 1686 595 manus
1708 568 1829 595 meas
1853 570 1861 595 z

1060 618 1104 653 et
1138 611 1244 652 affer
1275 625 1455 653 manum
1488 617 1626 661 tuam,
1657 617 1702 653 et
1733 613 1860 653 mitte

1060 670 1104 710 in
1131 669 1246 710 latus
1273 683 1432 719 meum,
1459 669 1636 723 nolique
1661 670 1861 711 incredu-

1060 727 1127 768 lus
1153 727 1248 768 esse.
1311 727 1414 781 Quo
1440 725 1559 768 fac‘to
1593 727 1859 782 respondens

1059 786 1268 835 Thomas,
1290 785 1360 826 Tu
1383 799 1429 826 es
1454 785 1629 839 (inquit)
1653 785 1861 827 dominus

1061 858 1196 893 meus,
1211 850 1255 884 et
1277 843 1386 884 deus
1408 857 1542 884 meus.
1606 843 1764 897 Itaque
1786 843 1859 884 sua

1058 902 1337 943 dubitatione
1364 915 1576 955 magnum
1599 901 1860 942 indubitatae

1059 959 1160 1002 fidei
1187 959 1488 1001 testimonium
1517 959 1698 1014 posteris
1721 959 1859 1000 credi-

1057 1019 1166 1059 turis
1194 1016 1382 1072 reliquit.
1442 1016 1569 1071 Quos
1590 1018 1745 1058 beatos
1766 1016 1859 1058 sore

1059 1083 1165 1117 tunc
1209 1074 1404 1118 Christus
1446 1074 1628 1116 testatus
1679 1075 1740 1117 est
1789 1075 1857 1116 his

1057 1134 1215 1178 verbis.
1251 1132 1369 1187 Quia
1403 1133 1545 1174 vidisti
1579 1147 1650 1174 me
1681 1133 1859 1174 Thoma

1058 1191 1289 1240 credidisti,
1339 1191 1458 1233 beati
1513 1191 1588 1246 qui
1650 1204 1738 1232 non
1794 1191 1858 1232 vi-

1059 1251 1230 1298 derunt,
1290 1255 1335 1291 et
1394 1249 1685 1291 crediderunt.
1758 1247 1859 1290 Post

1059 1307 1217 1351 Christi
1238 1321 1343 1349 vero
1364 1307 1421 1349 ad
1443 1314 1614 1361 patrem
1636 1305 1858 1348 ascensum

1061 1366 1260 1408 Thomas
1297 1363 1508 1406 multum³
1537 1365 1593 1406 de
1625 1364 1859 1406 christiana

1060 1424 1226 1478 pietate
1250 1423 1442 1473 meritus,
1463 1436 1597 1477 quam
1621 1424 1664 1464 in
1687 1422 1859 1472 Medos,

1062 1482 1221 1531 Persas,
1243 1481 1459 1531 hircanos,
1482 1481 1792 1530 Braehmanas,
1815 1486 1860 1522 et

1061 1541 1273 1582 Indorum
1305 1545 1496 1593 gentem,
1524 1538 1656 1593 longe
1683 1538 1861 1593 lateque

1058 1598 1334 1653 propagauit,
1365 1598 1408 1638 in
1442 1597 1679 1650 Magorum
1721 1596 1861 1651 regio-

1059 1670 1159 1698 nem
1178 1656 1493 1711 praedicatione
1509 1655 1694 1704 delatus,
1711 1654 1862 1696 multis

1059 1715 1189 1756 editis
1212 1714 1432 1755 miraculis
1450 1713 1506 1754 ab
1528 1714 1601 1762 eis,
1618 1713 1692 1767 qui
1716 1713 1858 1754 lucem

1060 1772 1255 1814 veritatis
1272 1771 1435 1813 infense
1454 1772 1652 1817 oderant,
1668 1771 1859 1825 primurn

1060 1831 1121 1872 est
1145 1830 1436 1872 candentibus
1469 1829 1644 1870 laminis
1671 1828 1862 1877 adustus,

1061 1889 1222 1931 deinde
1280 1889 1323 1928 in
1381 1887 1606 1929 fornacem
1664 1884 1862 1935 iniedtus,

1063 1946 1281 2001 postremo
1323 1946 1486 1987 lanceis
1519 1944 1736 1986 confossus
1774 1944 1862 1997 .xij.

1061 2004 1270 2046 calendas
1294 2003 1498 2056 Ianuarij.

1123 2131 1167 2177 (Ι
1218 2127 1260 2169 V
1257 2128 1382 2182 zgilia
1413 2126 1664 2168 natiuitatis
1697 2125 1864 2167 domini

1063 2185 1213 2228 etiam⁴
1251 2200 1266 2226 z
1287 2185 1510 2226 z'ncidatz'n
1520 2184 1700 2237 sabbato
1716 2190 1796 2225 aut
1815 2184 1860 2225 iu

1063 2244 1277 2286 dominica
1317 2242 1408 2296 ,iiij
1450 2242 1661 2284 aduentus
1697 2242 1867 2295 semper

1063 2303 1216 2357 agitur
1258 2299 1441 2355 qfficium
1490 2300 1541 2341 de
1588 2299 1755 2354 vzgilia,
1801 2300 1863 2341 Et

1062 2361 1226 2402 dicitur
1277 2358 1341 2400 ad
1387 2358 1651 2400 matutinum
1701 2358 1861 2399 inuita-

1062 2416 1251 2460 tombmff.

1068 2511 1217 2553 Hodie
1260 2509 1399 2551 scietis
1446 2508 1550 2563 quia
1591 2508 1738 2549 veniet
1785 2508 1862 2549 do-

1066 2570 1221 2619 minus,
1237 2574 1282 2609 et
1303 2580 1434 2608 mane
1451 2566 1656 2608 videbitis
1677 2566 1861 2620 gloriam

1067 2628 1171 2669 eius.
1232 2625 1437 2678 Hymnus
1474 2624 1526 2665 de
1563 2623 1762 2673 aduentu,
1800 2624 1863 2665 vi-

1063 2682 1235 2727 delicet⁶.
1274 2684 1378 2725 Vox
1416 2680 1683 2730 clamantis⁷,
1705 2687 1775 2722 etc.

1354 2773 1498 2814 Lec'zfio
1519 2772 1592 2826 ,z'iJI

1136 2932 1149 2952 ⁵
1174 2933 1234 2967 die
1251 2941 1318 2974 ,24
1339 2931 1378 2965 in
1398 2942 1444 2965 m.

1136 2981 1149 2999 '¹
1174 2978 1346 3014 videlicet
1364 2989 1370 3012 :
1388 2989 1457 3012 om.
1477 2978 1519 3011 A.

1139 3026 1150 3046 ἴ
1176 3037 1246 3061 vox
1276 3025 1384 3060 elatis
1412 3035 1418 3059 :
1451 3025 1494 3058 R.
1517 3024 1584 3068 fic.
1636 3033 1706 3057 vox
1733 3022 1833 3057 clara
1856 3035 1862 3057 :

1076 3076 1110 3110 l'.
1134 3075 1176 3108 A.
1228 3071 1314 3107 vide
1332 3083 1365 3118 p.
1387 3081 1440 3106 20.

1618 3145 1750 3175 12—2
