2066 3392
578 202 750 234 INDEX
782 202 880 235 TER
886 203 966 235 TIA
970 204 1003 235 R
1009 203 1089 236 UM
1113 205 1179 236 LE
1184 205 1213 239 C
1222 204 1269 236 TI
1270 204 1342 237 ΟΝ
1342 205 1425 238 UM.
1769 205 1851 246 203

474 638 681 680 INDEX
723 638 1116 682 TERTIARUM
1161 639 1548 683 LECTIONUM

171 755 287 776 earum
310 745 486 787 praecipue
513 755 606 787 quae,
631 745 734 777 Festis
757 749 820 787 per
841 755 974 776 annum
1004 745 1175 787 ascriptae,
1200 745 1368 787 ipsissima
1391 746 1513 778 Sacrae
1534 739 1728 788 Scrz‘ptmssae
1756 747 1852 779 verba

817 793 948 830 parum
964 788 1126 821 exhibent.

235 870 285 903 Hi
305 876 381 904 sunt
404 871 590 913 scriptores,
615 871 698 903 haec
719 871 900 909 volumina,
922 871 1043 914 quibus
1061 871 1156 914 quasi
1176 871 1324 904 fontibus
1342 871 1377 904 in
1398 872 1463 905 hoc
1486 872 1595 905 indice
1616 865 1849 906 concinnando

168 924 230 956 pro
256 914 381 947 maiore
405 920 499 957 parte
526 915 575 947 usi
602 925 725 947 sumus.

234 958 325 990 Ado.
370 959 660 1000 Margrrolongum
689 958 742 990 ed.
770 958 965 1000 Rossweyd.
991 958 1156 1000 Antverp.
1188 957 1282 998 1613.

234 1001 432 1034 Anastasius
459 1002 744 1034 Bibliothecarius.
792 1003 846 1034 De
871 1002 950 1034 vites
973 1002 1184 1044 Pontificum,
1213 1003 1266 1034 ed.
1296 1002 1447 1040 Fabroti,
1473 1002 1577 1034 Paris.
1624 1002 1718 1047 16449.

234 1045 426 1078 Bollandus.
475 1046 559 1077 Acta
585 1046 794 1084 Sanctorum,
826 1046 929 1078 Paris.
957 1045 1060 1078 editio
1084 1046 1275 1083 novissima,
1303 1046 1390 1078 circa
1416 1056 1445 1078 a.
1475 1046 1520 1078 D.
1552 1046 1646 1079 1866.

234 1089 453 1120 Breviarium
478 1090 680 1126 Romanum,
697 1088 870 1125 Venetiis‚
898 1089 1007 1128 Iunta‚
1042 1099 1135 1130 1534.
1183 1103 1227 1131 4.

238 1132 345 1164 Codex
367 1133 583 1174 Apocaeyplzus
604 1132 698 1164 Novi
725 1133 934 1171 Testamenti,
961 1133 1015 1164 ed.
1039 1132 1144 1172 Giles,
1171 1132 1282 1164 Lond.
1309 1132 1404 1174 185²·

234 1175 410 1208 Eusebius.
455 1176 586 1208 Hister.
616 1176 738 1208 Eccles.
765 1187 806 1208 ex
830 1176 981 1208 versione
1010 1175 1134 1214 Rufini,
1164 1176 1336 1215 Mantuae,
1366 1184 1462 1218 1479.

232 1219 471 1260 Hieronymus.
516 1220 570 1251 De
595 1220 682 1251 viris
709 1219 908 1251 znlustribus
932 1219 1020 1257 liber,
1048 1219 1101 1251 ed.
1127 1200 1194 1252 ’Gu,
1223 1200 1389 1261 Herding,
1421 1219 1567 1262 Lipsiae,
1597 1221 1689 1263 1879.

231 1263 455 1295 Mombritius.
499 1263 742 1295 Sanctuarium
768 1274 823 1295 seu
858 1263 949 1296 Vitae
973 1263 1184 1301 Sanctorum,
1210 1263 1406 1303 Mediolani,
1439 1272 1532 1306 1479.

231 1306 419 1348 Patrologia
442 1306 570 1356 Migne.

231 1349 373 1382 Platina.
418 1350 472 1382 De
495 1350 575 1381 vitis
598 1349 811 1393 Pontificum,
836 1349 912 1382 Col.
938 1350 1080 1392 Agripp.
1111 1349 1204 1382 1611.

231 1393 357 1426 Surius.
403 1393 456 1426 De
479 1394 558 1425 vitis
584 1394 796 1431 Sanctorum,
824 1393 984 1433 Venetiis,
1019 1395 1112 1435 1581.

161 1486 335 1520 Adauctus
835 1486 1009 1526 Eusebius,
1034 1486 1094 1519 lib.
1117 1494 1203 1519 V111.
1225 1497 1299 1529 cap.
1323 1487 1367 1520 xi.

162 1529 300 1573 Agatha
839 1530 976 1563 Simeon
1001 1530 1247 1573 Metaphrastes
1269 1531 1358 1572 apud
1383 1529 1539 1562 Bolland.

839 1573 1038 1606 Ambrosius
1061 1574 1151 1616 apud
1175 1573 1418 1606 Mombritium.
1446 1574 1526 1606 Ado
1549 1573 1591 1606 de
1614 1574 1687 1606 sest.
1710 1575 1778 1617 Ap.

163 1617 356 1650 Alexander
377 1617 553 1660 episcopus
838 1617 1065 1659 Hieronymus
1088 1628 1162 1660 cap.
1186 1617 1253 1650 lxii.
1281 1623 1314 1650 et
1338 1617 1502 1650 Eusebius
1525 1617 1584 1650 lib.
1608 1626 1658 1650 Vl.
1684 1628 1757 1661 cap.
1785 1619 1829 1651 xi.

163 1661 355 1694 Alexander
378 1671 467 1704 papa
836 1661 976 1693 Platina„

162 1704 359 1737 Ambrosius
838 1705 996 1736 Paulinus
1019 1705 1144 1737 Nolan.
1168 1704 1258 1747 apud
1282 1704 1526 1737 Mombritium.

162 1748 346 1780 Anacletus
836 1748 976 1780 Platina.

162 1792 315 1824 Andreas
833 1791 955 1824 Matth.
984 1790 1027 1824 iv.
1060 1791 1186 1824 18—20
1208 1796 1242 1824 et
1269 1790 1385 1823 Codex
1407 1791 1645 1834 Apocryphus,
1674 1792 1844 1825 Historiae

881 1835 1110 1878 Apostolicae.

160 1878 262 1911 Anna

160 1921 330 1954 Antherus
835 1920 977 1954 Platina.

160 1965 328 1998 Antonius
350 1964 454 1997 abbas
834 1964 1038 1998 Athanasius
1059 1965 1150 2008 apud
1173 1965 1317 1998 Surium.

161 2008 330 2041 Antonius
352 2008 520 2041 confessor
837 2008 953 2041 Lectio
976 2019 1016 2040 ex
1041 2009 1139 2041 Brev.
1164 2008 1266 2040 Rom.
1291 2009 1367 2041 Vet.

161 2051 346 2094 Apollonia
838 2051 1013 2091 Eusebius,
1038 2052 1097 2084 lib.
1122 2060 1173 2084 v1.
1196 2062 1270 2094 cap.
1294 2052 1382 2085 xxxi.

163 2095 366 2146 Apollonius
837 2095 1012 2134 Eusebius,
1038 2095 1097 2127 lib.
1122 2103 1157 2126 v.
1182 2106 1255 2137 cap.
1280 2095 1347 2127 xxi.

160 2139 357 2181 Assumptio
381 2138 528 2181 Virginis
836 2138 1034 2178 Bernardus,
1061 2138 1095 2170 in
1119 2139 1358 2180 Assumptione
1383 2139 1502 2171 Sermo
1527 2139 1555 2171 1.
1583 2150 1610 2172 1.

160 2182 311 2215 Asterius
836 2181 1010 2219 Eusebius,
1035 2181 1093 2214 lib.
1118 2190 1185 2214 vn.
1209 2192 1282 2224 cap.
1307 2182 1373 2214 xiv.

159 2225 363 2259 Athanasius
835 2225 1009 2263 Eusebius,
1037 2225 1094 2258 lib.
1122 2233 1159 2256 x.
1183 2235 1280 2268 capp.
1305 2225 1396 2265 xvii„
1423 2225 1547 2259 xxxiiii.

161 2269 369 2312 Augustinus
837 2268 1061 2301 Mombritius.

160 2355 331 2388 Barnabas
834 2355 912 2388 Act.
936 2356 1056 2397 Apost.
1080 2355 1124 2387 iv.
1148 2355 1200 2396 36,
1229 2364 1289 2398 373
1313 2355 1356 2388 xi.
1375 2366 1523 2398 ²²-303
1546 2356 1602 2389 xii.
1627 2357 1782 2399 25—xiii.
1799 2368 1840 2399 45

160 2442 434 2475 Bartholomaeus
875 2409 929 2431 xv'
954 2409 1006 2441 39.

159 2485 301 2518 Basilius
834 2486 924 2518 Ado.

160 2528 359 2562 Benedictus
833 2529 973 2572 Gregor.
1000 2529 1048 2561 M.
1073 2539 1114 2561 ex
1137 2528 1222 2561 libro
1248 2537 1287 2562 11.
1315 2529 1545 2572 Dialogorum.

161 2572 348 2605 Bernardus

160 2615 303 2648 Bibiana
832 2615 935 2647 Ado?

160 2658 290 2692 Blasius
834 2658 1058 2691 Mombritius.

161 2703 394 2735 Bonaventura
832 2702 949 2735 Lectio
971 2713 1013 2735 ex
1038 2702 1133 2735 Brev.
1160 2703 1259 2735 Rom.
1284 2703 1361 2736 Vet.

160 2788 262 2822 Caius
835 2788 975 2821 Platina.

159 2832 318 2865 Callistus
834 2831 975 2864 Platina.

159 2875 328 2908 Cathedra
352 2875 440 2908 Petri
828 2875 951 2908 Matth.
982 2874 1048 2908 xvi.
1086 2876 1134 2915 18,
1170 2885 1229 2926 19·
1269 2876 1363 2909 Ioan.
1395 2876 1459 2909 xxi.
1500 2884 1623 2919 ¹5—17
1656 2882 1689 2910 et
1720 2877 1837 2911 Codex

159 2962 187 2995 C
223 2961 246 2994 h
876 2918 1111 2961 Apocryphus.
1131 2918 1301 2953 Historiae
1317 2919 1546 2963 Apostolicae.

189 2967 222 2994 at
247 2962 339 2995 erina

160 3004 287 3039 Cecilia
835 3004 1059 3038 Mombritius.
