2066 3392
933 167 958 200 I
960 167 1054 200 UNI
1056 167 1124 200 US.

185 244 323 287 caesus
353 244 425 296 est,
446 245 588 287 donec
611 244 807 300 spiritum
836 243 988 294 emisit,

187 302 404 345 Protasius
436 317 541 344 vero
576 303 760 344 fustibus
796 303 988 357 primum

186 360 408 402 saeuiffime
461 360 715 402 verberatus
769 360 990 416 postremo

185 419 332 472 capite
381 424 610 461 truncatus
652 418 724 461 est.
787 418 989 473 Quorum

186 489 371 530 corpora
394 476 623 531 Philippus
639 477 822 531 quidam
844 477 910 518 vir
925 490 989 518 re-

187 533 364 587 ligiosus
392 548 444 575 ac
471 535 570 589 pius
598 534 712 576 clam
741 534 918 582 sustulit,
944 540 990 576 et

187 591 232 633 in
263 593 440 646 propria
470 593 606 634 domo
632 592 839 647 sepeliuit.
899 592 988 634 Vbi

185 663 287 691 cum
313 650 390 691 diu
421 649 653 699 latuissent,
675 651 732 692 ab
753 650 989 691 Ambrofio

187 707 392 762 episcopo
429 708 740 750 mediolanensi
776 708 988 749 diuinitus

185 766 418 807 admonito
451 766 631 808 inuenta
663 766 770 816 sunt,
807 773 852 808 et
887 780 988 807 cum

187 836 351 877 magna
402 824 556 878 populi
606 825 888 866 veneratione
944 825 987 865 in

185 880 477 922 honestiffimo
508 888 553 923 et
585 882 703 923 sacro
734 882 832 923 loco
864 895 988 936 repo-

186 938 276 980 sita.
338 939 444 980 Paffi
487 939 584 981 sunt
625 946 774 981 autem
817 941 988 982 Medio-

184 995 274 1038 lani
297 997 401 1051 .xiij.
423 997 634 1039 calendas
658 997 758 1051 Iulij
769 996 792 1039 ¹.

184 1103 230 1150 (Ι
262 1100 497 1143 Natiuitas
551 1101 734 1143 Ioannis
788 1101 994 1157 Baptzstae

241 1159 398 1213 duplex
444 1159 598 1201 maim.
649 1159 711 1201 ²et
754 1160 881 1201 habet
927 1174 990 1200 oc-

243 1223 394 1258 tanam
425 1217 552 1271 vsque
581 1217 646 1258 ad
670 1218 833 1272 festum
862 1217 991 1271 sanc-

242 1282 386 1316 torum
426 1275 557 1317 Petri
596 1282 638 1316 et
682 1275 850 1317 Pauli?
910 1275 994 1316 Ad

241 1332 432 1386 vesperas
453 1333 668 1386 Hymnus.

184 1401 313 1485 VT
334 1408 501 1456 queant
523 1401 637 1443 laxis
655 1402 854 1444 resonare
869 1402 988 1444 fibris

305 1460 422 1501 Mira
451 1459 671 1514 gestorum
704 1460 858 1502 famuli
891 1467 988 1502 tuo-

183 1530 294 1566 rum,
325 1517 460 1560 Solue
491 1518 650 1572 polluti
679 1518 782 1572 labij
817 1525 988 1561 reatum

184 1573 349 1617 SanGte
373 1575 574 1617 Ioannes.

242 1633 442 1674 Nuncius
464 1633 576 1675 celso
593 1634 774 1676 veniens
791 1633 988 1689 olympo,

182 1689 250 1732 Te
299 1691 413 1745 patri
461 1705 673 1746 magnum
719 1691 811 1733 sore
853 1693 988 1734 nasci-

181 1755 329 1790 turum
371 1764 380 1790 :
418 1749 594 1791 Nomen
626 1755 670 1791 et
701 1750 803 1791 vitae
836 1750 987 1792 seriem

180 1807 387 1861 gerendae
410 1807 578 1850 Ordine
599 1809 774 1862 promit.

241 1863 323 1906 Ille
367 1866 557 1920 promissi
599 1866 759 1907 dubius
801 1865 986 1920 superni,

184 1920 380 1964 Perdidit
421 1929 641 1977 promptae
679 1923 883 1965 modulos
924 1924 987 1965 lo-

181 1979 338 2034 quelae,
382 1979 473 2022 Sed
525 1980 764 2022 reformasti
810 1982 986 2036 genitus

182 2043 426 2092 peremptae
449 2038 631 2092 Organa
653 2039 782 2080 vocis.

241 2094 421 2136 Ventris
443 2094 656 2137 obstruso⁸
678 2097 892 2138 recubans
913 2111 986 2139 cu-

182 2151 272 2202 bili,
323 2152 528 2195 Senseras
579 2167 727 2208 regem
788 2154 986 2196 thalamo

184 2217 452 2260 manentem,
505 2211 624 2252 Hinc
685 2225 843 2265 parens
893 2213 986 2254 nati

184 2268 351 2309 meritis
372 2275 554 2323 vterque
575 2268 748 2310 Abdita
770 2270 937 2323 pandit.

242 2325 392 2368 Gloria
415 2326 542 2380 patri,
564 2327 815 2381 genitaeque
843 2328 954 2382 proli
979 2343 988 2369 :

185 2383 244 2424 Et
266 2383 345 2425 tibi
375 2397 557 2438 compar
577 2384 798 2439 Vtriusque
820 2385 988 2440 semper

183 2441 375 2495 Spiritus
412 2441 528 2482 alme
562 2442 671 2483 deus
711 2456 824 2484 vnus
864 2444 986 2485 omni

184 2499 407 2553 Tempore
430 2498 537 2541 secli.
598 2499 762 2542 Amen.

501 2593 668 2637 Oratio,

179 2667 366 2751 DEus,
386 2669 461 2734 qui
485 2669 742 2736 praesentem
764 2670 882 2737 diem
905 2669 983 2738 ho:

291 2726 533 2768 norabilem
585 2728 712 2770 nobis
763 2742 806 2770 in
863 2729 981 2771 beati

247 2843 385 2914 :Junij
415 2893 447 2927 R
436 2845 480 2881 A.

247 2938 261 2960 ³
286 2903 433 2974 0552.sp
449 2893 572 2975 ‚uk-A.

247 2984 260 3006 ⁴
285 2985 346 3021 dic
365 2995 418 3029 24.
439 2987 478 3021 in
499 2998 544 3021 m.

1786 162 1862 206 ¹35

1059 243 1241 286 Ioannis
1293 244 1527 286 natiuitate
1578 243 1712 286 fecisti
1758 261 1768 286 z
1807 245 1867 286 da

1057 301 1234 356 populis
1255 303 1342 344 tuis
1365 301 1653 356 spiritualium
1675 302 1865 356 gratiam

1057 360 1320 414 gaudiorum
1346 376 1354 402 :
1378 366 1423 402 et
1444 360 1644 401 omnium
1667 359 1864 401 fidelium

1057 424 1229 459 mentes
1278 419 1420 472 dirige
1470 419 1514 459 in
1555 418 1673 460 viam
1716 417 1866 459 salutis

1056 482 1235 518 aeternae
1259 492 1268 518 :
1289 490 1382 531 per.

1056 597 1101 643 (l
1134 594 1217 636 Ad
1233 595 1501 638 matutinum
1525 595 1833 638 z'nzcz'tatorium
1840 594 1866 638 ⁴.

1116 678 1288 732 Regem
1320 679 1598 733 praecursoris
1629 680 1864 722 dominum

1055 737 1203 778 venite
1225 738 1473 780 adoremus.

1350 839 1568 894 Hymnus.
1642 852 1647 858 ·

1123 921 1236 962 Ntra
1257 920 1414 962 deserti
1443 921 1606 962 teneris
1629 920 1706 962 sub
1737 921 1865 962 annis

1173 979 1351 1021 Ciuium
1383 985 1551 1020 turmas
1583 978 1757 1032 fugiens
1789 993 1865 1033 pe-

1056 1036 1142 1078 tisti
1177 1052 1185 1078 :
1217 1037 1288 1078 Ne
1323 1036 1410 1078 leui
1447 1037 1600 1078 saltem
1642 1036 1864 1078 maculare

1057 1095 1194 1136 vitam
1219 1095 1403 1136 Famine
1425 1095 1578 1149 posses.

1117 1153 1311 1195 Praebuit
1346 1152 1512 1194 hirtum
1554 1153 1750 1206 tegimen
1792 1165 1864 1194 ca-

1057 1210 1210 1260 melus,
1239 1210 1443 1253 Artubus
1470 1211 1599 1252 sacris
1621 1210 1862 1265 strophium

1056 1268 1260 1310 bidentes
1308 1283 1316 1309 :
1361 1269 1442 1311 Cui
1483 1268 1607 1310 latex
1647 1268 1864 1321 haustum,

1058 1326 1219 1368 sociata
1241 1326 1412 1381 pastum
1438 1326 1576 1368 Mella
1597 1326 1785 1369 locustis.

1115 1384 1277 1426 Caeteri
1300 1391 1474 1426 tantum
1497 1385 1695 1426 cecinere
1710 1390 1862 1426 vatum

1057 1442 1204 1484 Corde
1226 1443 1408 1496 presago
1435 1442 1561 1483 iubar
1591 1442 1831 1484 affuturum
1855 1459 1864 1484 x

1057 1500 1127 1541 Tu
1161 1500 1343 1554 quidem
1381 1501 1535 1542 mundi
1574 1500 1709 1542 scelus
1745 1500 1865 1542 ause-

1056 1565 1226 1599 rentem
1251 1559 1405 1600 Indice
1426 1559 1589 1612 prodis.

1116 1617 1220 1658 Non
1272 1617 1355 1658 fuit
1404 1615 1511 1658 vasti
1554 1616 1743 1671 spatium
1785 1630 1865 1671 per

1055 1674 1174 1716 orbis
1199 1673 1405 1717 Sanffior
1425 1674 1655 1729 quisquam
1685 1675 1864 1729 genitus

1058 1732 1227 1774 Ioanne
1259 1748 1268 1774 ε
1301 1733 1389 1787 Qui
1422 1732 1547 1774 nefas
1578 1732 1675 1773 secli
1703 1733 1862 1774 meruit

1056 1789 1282 1831 lauantem
1303 1790 1496 1844 Tingere
1516 1790 1705 1845 limphis.

1114 1848 1266 1890 Gloria
1287 1847 1434 1903 patri⁵.

1315 1956 1462 1999 Lec‘Zio
1493 1955 1592 2011 ‚z‘g'j⁶.

1128 2036 1346 2078 Acharias
1379 2036 1590 2084 sacerdos,
1615 2036 1683 2077 vir
1713 2035 1860 2087 iustus,

1157 2101 1201 2136 et
1233 2095 1410 2148 egregia
1441 2095 1484 2134 in
1516 2095 1650 2135 deum
1682 2094 1861 2148 pietate,

1054 2165 1242 2193 onrem
1271 2152 1427 2193 habuit
1451 2151 1677 2193 Elisabeth
1706 2166 1859 2206 parem

1056 2210 1131 2251 sibi
1153 2216 1197 2251 et
1219 2210 1414 2251 moribus
1446 2215 1490 2251 et
1514 2207 1757 2262 sanctitate,
1781 2210 1862 2252 ste-

1056 2267 1179 2309 rilem
1209 2274 1372 2309 tamen.
1435 2268 1593 2322 Itaque
1615 2268 1702 2309 iam
1725 2268 1860 2309 ambo

1056 2325 1177 2367 senes
1229 2326 1272 2366 in
1316 2325 1507 2366 orbitate
1548 2339 1647 2366 cum
1692 2339 1860 2380 magno

1056 2382 1243 2425 filiorum
1261 2383 1492 2437 desyderio
1505 2383 1740 2437 degebant.
1767 2384 1857 2427 Sed

1054 2454 1155 2482 cum
1178 2441 1402 2482 zacharias
1431 2447 1632 2495 tempore
1664 2441 1858 2483 Herodis

1057 2498 1222 2540 Iudaeae
1255 2500 1368 2553 regis
1400 2499 1617 2553 templum
1649 2499 1858 2553 ingressus

1054 2556 1111 2597 ad
1155 2556 1484 2598 sacrificandum
1526 2557 1748 2599 incensum
1780 2571 1858 2612 ap-

1053 2621 1252 2669 poneret,
1283 2615 1490 2669 apparuit
1516 2615 1555 2656 ei
1585 2615 1771 2668 angelus
1798 2617 1855 2657 ad

1052 2673 1286 2714 dexteram
1320 2673 1469 2714 altaris
1501 2672 1780 2727 turbatoque,
1812 2681 1857 2715 et

1052 2730 1226 2772 timenti
1248 2731 1321 2772 ait.
1370 2730 1440 2772 Ne
1462 2731 1620 2772 timeas
1643 2731 1857 2781 zacharia,

1121 2847 1136 2870 ⁶
1162 2851 1207 2884 vt
1208 2848 1335 2895 supra
1353 2860 1367 2885 .·
1382 2848 1466 2883 add.
1486 2849 1523 2884 P.
1567 2852 1611 2883 vl
1626 2849 1731 2894 t‘nsra
1745 2860 1758 2884 :
1771 2841 1855 2884 add.

1052 2895 1094 2931 Α·
1115 2893 1220 2979 [3ίῖἷί
1234 2896 1491 2986 &3535an
1493 2894 1717 2989 325222‘2-310-
