2066 3392
213 211 291 242 102

211 745 255 790 (I
278 741 536 783 Sanfft'orum
558 737 745 793 lustorioe
763 750 814 777 ex
823 734 1020 789 probatis

267 798 522 840 authoribus
532 794 795 850 summatim
812 793 1016 846 decerptae.

457 902 502 947 ΕΙ
526 897 775 940 Ianuarius.

272 991 316 1036 (I
348 985 604 1038 Circzmcisto
629 983 790 1038 Christi
812 981 966 1035 duplex

533 1041 696 1084 maius¹

213 1121 297 1162 Ad
346 1120 545 1173 vesperas.
627 1118 692 1158 Et
754 1114 1021 1157 matutinum

272 1178 449 1231 Hymni
499 1183 541 1218 et
588 1174 902 1216 Inuitatorium
954 1172 1022 1212 di-

274 1243 435 1277 cuntur
451 1235 503 1276 de
523 1234 766 1275 uatiui.tate

540 1325 704 1368 Oratio

239 1414 459 1505 WEUS
510 1416 584 1471 qui
641 1415 789 1456 salutis
844 1420 1023 1455 aeternae

239 1486 248 1499 '
272 1428 310 1499 c
314 1479 341 1517 l
383 1477 527 1517 beatae
574 1475 729 1515 Mariae
770 1472 1024 1526 virginitate

219 1535 428 1578 foecunda
449 1534 645 1574 humano
666 1531 816 1585 generi
843 1530 1025 1583 praemia

219 1592 464 1648 praestitisti,
491 1591 635 1632 tribue
663 1588 912 1642 quaesumus
943 1603 950 1627 :
978 1592 1026 1627 vt

221 1652 357 1718 ipsam
381 1664 460 1704 pro
482 1649 609 1689 nobis
636 1646 905 1688 intercedere
934 1645 1026 1685 sen-

220 1711 384 1751 tiamus
426 1723 434 1748 :
476 1720 554 1771 per
601 1719 735 1759 quam
786 1703 1026 1744 meruimus

220 1766 447 1809 audtorem
489 1765 592 1806 vitae
634 1763 844 1816 suscipere
885 1761 1026 1801 domi-

221 1839 328 1866 num
374 1823 566 1864 nostrum
614 1821 758 1862 Iesum
808 1817 1026 1862 Christum

223 1884 362 1925 filium
386 1889 525 1931 tuum,
547 1879 621 1934 qui
645 1886 727 1920 etc.

273 1979 421 2022 Laelio
442 1978 517 2032 jis.
539 1991 591 2018 εχ
608 1977 743 2031 capite
761 1976 817 2031 .ij.
840 1975 978 2017 Lucae.

231 2059 354 2143 ET
372 2057 603 2112 postquam
622 2055 913 2097 consummati
932 2055 1029 2095 sunt

344 2118 437 2158 dies
460 2114 574 2164 octo,
593 2121 641 2155 vt
662 2113 1030 2154 circuncideretur

225 2189 333 2229 puer
365 2190 373 2215 :
404 2179 612 2215 vocatum
645 2171 705 2212 est
737 2185 900 2212 nomen
935 2171 1029 2211 eius

228 2233 357 2274 Iesus.
387 2231 507 2286 quod
534 2236 742 2271 vocatum
773 2229 833 2270 est
865 2230 921 2270 ab
953 2242 1031 2269 an—

225 2291 337 2345 gelo,
370 2289 623 2343 priusquam
658 2288 702 2328 in
731 2294 856 2329 vtero
885 2287 1033 2328 conci-

227 2355 413 2404 peretur.

266 2451 311 2496 {I
334 2447 524 2502 Bastlius
544 2445 751 2500 episcopus
770 2445 985 2499 coufeſj‘or.

462 2505 608 2545 Laelio
630 2504 758 2545 tertia
765 2503 788 2545 ².

236 2577 470 2661 BAsilius
542 2577 794 2631 Cappadox
860 2591 1033 2631 genere,

332 2636 543 2678 Caesareae
572 2637 764 2689 primum
793 2635 836 2675 in
866 2635 939 2676 sua
968 2650 1032 2677 re-

227 2695 370 2748 gione,
401 2694 563 2734 deinde
594 2693 786 2734 Athenis
824 2694 1034 2743 eruditus,

228 2753 272 2792 in
324 2765 421 2792 eam
479 2751 834 2804 magnitudinem
889 2752 1034 2792 omnis

228 2810 400 2863 generis
429 2807 727 2849 doctrinarum
758 2808 903 2859 euasit,
932 2823 1033 2850 cum

229 2867 406 2921 egregia
424 2864 654 2908 sanctitate
672 2873 743 2908 :vt
761 2867 865 2908 inde
883 2868 1034 2921 magni

370 3001 382 3023 ¹
409 3001 468 3036 die
486 3012 514 3036 .1
537 3002 578 3036 in
596 3013 642 3037 m.

908 3001 921 3023 ²
947 3002 1006 3037 die
1025 3013 1068 3039 .2.

893 203 1188 237 IANUARIUS.

1672 728 1888 770 Reuersus

1087 790 1221 843 igitur
1262 788 1305 829 in
1348 789 1538 842 patriam
1583 800 1685 828 cum
1726 800 1890 840 magna

1086 847 1286 888 omnium
1305 844 1619 899 expectatione
1643 844 1889 887 Caesaream

1086 910 1271 946 vocatur
1301 919 1309 944 :
1340 911 1388 945 vt
1419 916 1604 952 morum,
1629 916 1681 944 ac
1712 901 1891 956 pietatis

1088 962 1319 1011 institutor,
1357 962 1696 1014 moderatorque
1736 960 1840 1001 effet
1880 975 1890 1001 :

1088 1020 1368 1085 praesulisque
1391 1018 1566 1072 Eusebij
1592 1019 1799 1059 adiutor:
1820 1017 1891 1059 cui

1090 1078 1294 1119 morienti
1326 1078 1370 1117 in
1402 1077 1653 1130 episcopatu
1691 1075 1892 1117 successit.

1091 1137 1144 1178 In
1174 1150 1265 1190 uqo
1293 1135 1348 1176 s1c
1375 1134 1578 1176 Valentis
1605 1133 1892 1187 Imperatoris

1090 1194 1269 1235 Arriani
1294 1193 1370 1233 fibi
1397 1192 1536 1233 infesti
1563 1189 1770 1233 tractauit
1801 1191 1893 1232 ani-

1092 1266 1214 1293 mum
1246 1249 1486 1300 sanffitate,
1517 1256 1562 1291 et
1592 1249 1894 1303 consequenti-

1090 1311 1172 1351 bus
1205 1309 1333 1363 fignis
1365 1323 1373 1350 :
1401 1315 1448 1350 vt
1480 1322 1579 1349 cum
1615 1308 1655 1348 se
1683 1307 1817 1348 vellet
1849 1307 1893 1347 in

1091 1367 1276 1409 exilium
1300 1368 1486 1415 mittere,
1509 1365 1769 1406 sententiam
1798 1378 1895 1406 mu-

1090 1432 1185 1466 tare
1221 1425 1423 1478 coegerit.
1487 1423 1607 1465 Sella
1641 1424 1772 1472 enim,
1807 1436 1896 1476 qua

1091 1483 1327 1536 gestandus
1378 1488 1473 1523 erat
1522 1480 1702 1530 Valens,
1754 1480 1896 1522 subito

1092 1537 1315 1582 confra&a
1338 1546 1383 1581 et
1404 1539 1609 1581 dissoluta
1631 1539 1701 1580 est.
1761 1538 1897 1581 Cum-

1093 1612 1179 1653 que
1231 1599 1286 1639 de
1337 1612 1459 1638 more
1510 1597 1631 1650 exilij
1687 1594 1897 1638 multam³

1093 1657 1328 1710 scripturus
1379 1656 1493 1705 esset,
1546 1654 1754 1708 perficere
1806 1667 1896 1695 non

1093 1714 1243 1764 valuit,
1279 1713 1453 1754 calamo
1492 1712 1598 1753 nihil
1640 1711 1898 1753 attramenti

1094 1772 1318 1813 reddente.
1381 1771 1583 1824 Cumque
1606 1770 1832 1818 secundus,
1853 1775 1899 1811 et

1094 1830 1249 1871 tertius
1286 1829 1481 1870 calamus
1523 1829 1606 1869 hoc
1647 1826 1899 1882 pertulisset,

1095 1894 1139 1929 et
1168 1887 1312 1929 adhuc
1341 1887 1485 1941 legem
1515 1886 1698 1940 impiam
1724 1885 1899 1926 firmare

1095 1946 1395 1994 contenderet,
1435 1950 1660 1985 commota
1700 1943 1761 1984 est
1806 1943 1900 1984 eius

1095 2005 1293 2053 dextera,
1332 2016 1519 2056 eamque
1555 2002 1698 2042 subito
1736 2007 1902 2042 tremor

1095 2061 1261 2102 inuasit.
1303 2061 1431 2101 Tunc
1453 2060 1545 2100 eius
1568 2059 1718 2100 animo
1736 2065 1901 2100 terrore

1096 2119 1292 2173 impleto,
1323 2118 1539 2159 ambabus
1573 2117 1775 2158 manibus
1807 2130 1901 2157 car-

1097 2183 1189 2218 tam
1213 2177 1340 2231 rupit.
1393 2177 1454 2216 Et
1476 2189 1575 2229 quae
1599 2189 1691 2216 nox
1713 2175 1819 2216 data
1841 2173 1902 2215 est

1098 2234 1256 2276 Bafilio
1285 2235 1341 2275 ad
1371 2234 1719 2283 deliberandum,
1743 2232 1899 2273 eadem

1096 2307 1211 2333 vxor
1249 2291 1537 2345 imperatoris,
1568 2290 1689 2332 velut
1727 2290 1902 2331 tortori-

1096 2351 1179 2391 bus
1230 2351 1405 2398 tradita,
1453 2349 1683 2390 cruciatur.
1763 2347 1901 2388 Filius

1097 2422 1213 2457 vem,
1253 2408 1328 2461 qui
1371 2408 1434 2448 eis
1476 2412 1571 2448 erat
1612 2406 1777 2453 vnicus,
1822 2419 1901 2446 ex-

1097 2464 1262 2507 tinctus
1294 2481 1302 2507 :
1331 2471 1528 2519 paternae
1550 2464 1792 2517 impietatis
1813 2477 1905 2504 cre-

1099 2524 1218 2564 ditur
1256 2523 1469 2564 exoluisse
1511 2521 1733 2576 supplicia.
1793 2520 1904 2562 Erat

1099 2588 1248 2622 autem
1280 2580 1461 2621 Basllius
1490 2580 1533 2620 in
1556 2577 1689 2629 victu,
1712 2584 1756 2619 et
1781 2578 1902 2620 cultu

1099 2638 1481 2680 abstinentissimus
1534 2653 1542 2678 :
1589 2651 1677 2678 vna
1725 2642 1902 2677 tantum

1099 2697 1249 2737 tunica
1277 2696 1318 2736 se
1351 2695 1598 2736 amiciebat.
1628 2694 1751 2735 humi
1783 2693 1904 2734 cubi-

1098 2755 1238 2796 tabat.
1261 2754 1367 2795 totis
1391 2753 1505 2806 saepe
1527 2751 1730 2793 noctibus
1751 2750 1905 2804 vigila-

1098 2812 1186 2853 bat.
1215 2812 1360 2852 omnis
1391 2824 1552 2864 expers
1583 2809 1777 2850 libidinis
1808 2814 1905 2850 tota

1097 2870 1190 2911 vita
1230 2869 1535 2924 perseuerauit.
1597 2867 1768 2907 Primus
1810 2879 1905 2908 om-

1086 744 1333 785 cognomen
1377 729 1604 771 inuenerit.

1089 3004 1128 3038 in
1147 3015 1192 3040 m.
1479 3002 1492 3023 3
1518 3001 1636 3037 multa
1659 3013 1666 3036 :
1687 3002 1725 3035 P.
