2066 3392
900 241 1051 283 xxxfii

459 463 821 506 IANVARIVS
866 462 1085 505 HABET
1127 461 1276 504 DIES
1319 461 1496 504 XXXI.

177 651 256 687 Au.
283 662 347 687 nu.
422 651 525 687 Dies.
763 650 883 695 Festa,
900 653 938 685 et
952 650 1040 685 alz'ae
1064 650 1198 685 Tertz'oe
1215 649 1394 685 lelliones.
1624 648 1697 695 fol.
1729 645 1804 694 [p.]

187 719 238 754 iii
298 720 334 755 A
385 719 562 755 Calendis·
643 728 656 753 1
687 718 915 764 Circuncisto
934 717 1074 763 Christi
1086 717 1229 763 duplex
1244 718 1379 752 maius.
1631 724 1694 762 571
1717 713 1819 762 [102]

305 777 332 813 b
400 778 465 813 iiii
479 789 535 813 no.
640 787 660 812 2
689 777 843 812 Bafilius
860 776 1054 823 episcopus
1072 775 1260 811 confessor.
1367 768 1369 770 ¹
1386 775 1485 810 Fuit
1498 775 1584 811 lteri
1631 783 1695 820 571
1717 772 1821 820 [102]

186 836 234 871 xi
307 847 328 871 c
407 837 457 871 iz‘z·
470 847 528 872 no.
637 846 658 881 3
684 835 875 871 Antherus
892 846 993 881 papa
1009 840 1161 879 martyr.
1610 864 1616 871 ,
1631 841 1695 879 571
1718 830 1820 879 [103]

304 894 330 930 d
384 894 504 941 pridie
521 905 580 929 no.
635 903 657 937 4
685 892 871 928 Martina1
888 892 994 938 virgo
1013 897 1164 936 martyr.
1206 892 1305 927 Fuit
1310 892 1446 938 prima
1462 890 1580 927 huius
1630 899 1693 937 571
1715 888 1818 937 [103]

40 945 77 968 *³
101 980 105 982 .
175 952 248 988 xix
303 963 325 987 e
419 951 544 986 Nonis
637 959 654 996 5
684 951 960 997 Thelesphorus
979 961 1080 996 papa
1097 955 1248 994 martyr.
1630 957 1696 994 572
1715 947 1817 995 [103]

54 1026 63 1034 .
173 1011 250 1047 viii
306 1009 325 1046 f
415 1011 490 1045 viii
503 1010 553 1046 id.
637 1009 660 1044 6
684 1010 907 1057 Epiphania
926 1008 1068 1054 Christi
1081 1009 1222 1056 duplex
1237 1009 1371 1044 maius.
1421 1008 1549 1043 Habet

1407 1067 1579 1102 odanam
1630 1074 1696 1111 572
1716 1063 1818 1112 [104]

305 1135 332 1170 g
414 1125 475 1160 vii
487 1125 537 1160 id.
639 1134 658 1168 7
687 1125 876 1160 Lucianus
893 1124 1086 1170 presbyter
1103 1130 1252 1169 martyr.
1631 1132 1696 1170 573
1715 1122 1818 1171 [104]

174 1182 247 1218 xvi
300 1183 335 1218 A
421 1184 467 1217 ‘m'
479 1183 529 1218 id.
634 1183 655 1218 8
685 1184 740 1218 Ex
757 1182 910 1229 epistola
927 1182 977 1218 ad
996 1183 1201 1217 Romanos.
1253 1182 1392 1217 Paulus
1409 1182 1546 1218 seruus.
1630 1183 1699 1228 298
1740 1181 1818 1230 [61]

197 1251 226 1275 v
299 1240 325 1276 b
419 1252 447 1275 v
465 1241 513 1276 id.
632 1251 655 1286 9
683 1242 740 1276 Ex
757 1240 909 1287 epistola
923 1240 970 1275 ad
986 1240 1191 1275 Romanos.
1222 1241 1423 1287 Propterea
1437 1239 1601 1276 tradidit.
1630 1251 1700 1286 300
1740 1239 1818 1288 [61]

305 1309 326 1334 c
404 1300 469 1334 iiii
483 1301 534 1335 Μ.
619 1310 661 1335 10
681 1300 819 1336 Paulus
837 1300 982 1346 primus
1000 1299 1164 1335 eremita.
1632 1309 1699 1346 573
1717 1298 1820 1347 [104]

173 1357 250 1392 xiii
303 1356 330 1392 d
415 1358 465 1392 iii
478 1357 524 1393 id
617 1367 653 1393 11
686 1357 831 1403 Iginius
849 1368 948 1403 papa
965 1363 1115 1402 martyr.
1632 1366 1700 1404 574
1717 1357 1819 1406 [105]

195 1416 230 1451 ii
303 1426 324 1452 e
366 1416 497 1463 pn'die
512 1417 558 1452 id
616 1426 655 1451 12
684 1417 741 1452 Ex
758 1416 912 1462 epistola
930 1417 978 1452 ad
998 1417 1202 1452 Romanos.
1239 1417 1336 1452 Cum
1349 1417 1449 1453 enim
1467 1423 1610 1464 gentes.
1629 1427 1695 1462 301
1740 1416 1818 1465 [61]

307 1473 326 1509 s
400 1474 531 1510 Idibus
617 1485 657 1520 13
685 1475 856 1511 Hilarius
874 1475 1067 1521 episcopus
1085 1475 1274 1510 confessor.
1633 1484 1700 1522 574
1717 1474 1819 1524 [105]

196 1543 227 1567 x
303 1543 329 1578 g
396 1534 470 1568 xix
482 1533 544 1568 cal
617 1543 658 1577 14
684 1534 743 1569 Ex
759 1533 911 1580 epistola
928 1533 978 1568 ad
998 1534 1201 1568 Romanos.
1254 1532 1356 1579 Quid
1374 1544 1472 1579 ergo.
1629 1544 1698 1579 302
1739 1534 1818 1582 [62]

298 1591 333 1626 A
378 1592 482 1626 xviii
496 1592 558 1626 cal
619 1600 658 1636 15
687 1593 745 1627 Ex
761 1591 914 1638 epistola
931 1592 980 1627 ad
999 1592 1203 1627 Romanos.
1257 1592 1358 1638 Quid
1375 1603 1474 1638 ergo.
1630 1603 1698 1639 303
1740 1592 1818 1640 [62]

158 1647 267 1684 xvii*
306 1649 332 1685 b
387 1650 476 1684 xvii
488 1650 552 1685 cal
618 1651 660 1686 16
687 1650 890 1686 Marcellus
908 1661 1008 1696 papa
1025 1656 1175 1695 martyr.
1631 1660 1700 1697 574
1717 1651 1819 1699 [106]

183 1707 244 1743 ὐἰέ
305 1718 325 1743 c
396 1709 470 1743 xvi
483 1708 544 1744 cal
616 1717 655 1753 17
681 1709 878 1744 Antonius
894 1709 1006 1744 abbas
1021 1709 1161 1756 duplex
1176 1710 1312 1746 minus.
1629 1719 1695 1758 575
1714 1710 1817 1759 [106]

306 1767 332 1803 d
407 1779 463 1802 xv
478 1768 540 1803 cal
618 1769 659 1804 18
685 1769 744 1804 Ex
761 1769 913 1814 epistola
931 1768 979 1804 ad
999 1769 1203 1804 Romanos.
1256 1769 1458 1805 lustificati.
1630 1778 1695 1816 305
1739 1770 1818 1818 [62]

187 1835 243 1860 κν
304 1836 325 1861 e
387 1827 479 1861 xiiii
492 1826 554 1862 cal
619 1836 661 1872 19
686 1827 745 1862 Ex
761 1827 914 1873 epistola
932 1827 981 1863 ad
1001 1828 1204 1863 Romanos.
1257 1828 1358 1874 Quid
1375 1839 1473 1874 erge.
1629 1831 1699 1874 306
1740 1828 1818 1877 [62]

181 1883 246 1919 iiii
309 1883 330 1919 f
395 1885 472 1920 xiii
486 1885 550 1920 cal
615 1895 662 1920 20
684 1885 881 1921 Fabianus
890 1888 996 1933 papa
1012 1890 1049 1921 et
1066 1886 1307 1932 Sebastianus
1323 1891 1508 1933 martyres

1299 1945 1441 1992 duplex
1455 1947 1592 1982 minus.
1631 1954 1696 1992 575
1715 1944 1817 1994 [107]

306 2010 331 2045 g
406 2000 467 2035 xii
480 2000 542 2036 cal
616 2011 658 2036 21
686 2001 818 2048 Agnes
835 2002 947 2048 virgo
964 2005 1114 2047 martyr
1127 2002 1270 2049 duplex
1283 2003 1419 2038 minus.
1632 2006 1699 2050 576
1716 2003 1818 2052 [108]

187 2057 249 2092 xii
302 2057 338 2092 A
413 2058 459 2092 xi
473 2058 538 2093 cal
615 2067 658 2093 22
686 2059 919 2104 Vincentius,
937 2065 974 2094 et
990 2059 1202 2095 Anastafius
1221 2067 1414 2106 martyres.
1631 2063 1699 2109 576
1716 2062 1817 2111 [108]

205 2115 224 2150 i
306 2115 331 2151 b
421 2127 452 2151 x
465 2116 528 2151 cal
615 2127 660 2162 23
688 2117 747 2152 Ex
763 2118 917 2164 epistola
934 2118 984 2153 ad
1003 2119 1209 2154 Romanos.
1259 2120 1321 2163 An
1338 2120 1530 2166 ignoratis.
1629 2122 1698 2167 308
1738 2121 1816 2170 [62]

309 2184 330 2209 c
413 2174 459 2209 ix
473 2173 536 2210 cal
618 2184 665 2219 24
689 2175 912 2212 Timotheus
929 2176 1124 2223 episcopus
1142 2183 1292 2223 martyr.
1630 2189 1699 2226 577
1716 2179 1818 2229 [109]

190 2230 236 2266 ix
307 2231 332 2267 d
399 2233 476 2268 viii
488 2233 550 2268 cal
620 2243 662 2279 25
688 2233 903 2281 ⁸Conue7fio
919 2236 1041 2271 Pauli
1052 2237 1207 2283 apostoli
1220 2237 1364 2284 duplex
1377 2238 1530 2274 maius.³
1631 2247 1698 2284 577
1716 2237 1818 2287 [109]

311 2303 333 2328 e
409 2293 469 2328 vii
482 2292 546 2327 cal
620 2292 665 2328 26
692 2292 920 2339 Polycarpus
940 2294 1134 2340 episcopus
1151 2301 1302 2340 martyr.
1630 2298 1698 2342 578
1716 2295 1817 2345 [110]

172 2350 259 2387 xvii
311 2348 330 2385 s
411 2349 447 2385 vi
467 2348 536 2384 cal'
620 2359 663 2393 27
694 2350 855 2386 Ioannes
875 2351 1156 2396 chrysostomus
1173 2352 1366 2399 episcopus
1385 2352 1574 2394 confessor.
1630 2355 1697 2401 578
1715 2353 1817 2403 [111]

196 2409 242 2444 vi
309 2418 334 2454 g
399 2419 427 2443 v
441 2407 513 2443 cal'
617 2408 662 2443 28
689 2409 746 2443 Ex
763 2409 916 2455 epistola
933 2410 982 2445 ad
1003 2411 1206 2447 Romanos.
1259 2412 1370 2457 Quod
1388 2413 1499 2449 enim.
1630 2424 1700 2460 309
1740 2413 1818 2462 [62]

305 2467 338 2502 Α
396 2467 460 2502 iiii
473 2466 546 2502 cal'
617 2476 662 2510 29
690 2467 746 2502 Ex
763 2468 916 2513 epistola
934 2468 982 2504 ad
1002 2470 1207 2505 Romanos.
1259 2471 1361 2516 Ergo
1379 2471 1522 2508 fratres.
1630 2482 1694 2518 311
1739 2471 1817 2520 [63]

174 2523 264 2559 mie·
309 2523 335 2559 b
414 2524 464 2559 iii
477 2524 540 2559 cal
618 2533 663 2568 30
689 2524 746 2559 Ex
763 2524 916 2570 epistola
933 2526 982 2561 ad
1004 2527 1206 2562 Romanos.
1260 2528 1408 2564 Scimus
1426 2537 1564 2565 autem.
1629 2539 1698 2575 312
1739 2529 1818 2578 [63]

192 2582 240 2616 1'1'1'
310 2592 330 2617 c
358 2582 485 2628 pridie
501 2582 562 2617 cal
615 2592 655 2627 3¹
688 2583 894 2619 Metranus.
927 2584 1100 2630 Cointha,
1119 2591 1155 2621 et
1174 2586 1356 2633 Serapion
1374 2587 1584 2634 martyres⁴.
1628 2587 1820 2637 579[112]⁸

216 2735 224 2753 ¹
243 2734 336 2764 Maria
355 2746 362 2764 ε
381 2737 416 2765 A.
668 2738 734 2772 ¹fic
752 2738 786 2766 V.
823 2738 890 2772 xviij
912 2750 919 2767 z
941 2739 975 2766 R.
995 2739 1024 2766 P.
1042 2740 1075 2766 A.
1315 2741 1357 2761 ⁸-2
1373 2741 1406 2767 in
1425 2741 1523 2768 literis
1539 2741 1636 2775 mjcris
1654 2751 1661 2769 z
1683 2741 1714 2769 P.

524 2783 554 2812 (1
574 2783 730 2816 Aquarius
745 2783 877 2810 calidum
893 2787 923 2811 et
939 2784 1106 2817 humidum,
1117 2783 1240 2819 fignum
1258 2785 1373 2812 bonum.

567 2827 680 2862 Vngere
697 2837 780 2856 crura
798 2829 913 2861 malum,
936 2829 1031 2857 Phebe
1050 2838 1114 2857 cum
1132 2829 1223 2857 cernit
1239 2830 1377 2864 aquosum

566 2872 660 2900 Insere
679 2878 747 2902 tunc
764 2874 852 2908 sepes,
871 2874 995 2902 excelsas
1012 2874 1091 2909 erige
1109 2881 1208 2909 turres.

565 2918 649 2951 Quod
670 2918 688 2945 sn
706 2918 798 2952 carpis
816 2919 878 2952 iter,
899 2925 990 2947 tutum
1009 2920 1059 2947 tibi
1078 2930 1134 2948 non
1153 2920 1212 2948 fore
1230 2921 1344 2955 semper.
1382 2921 1450 2948 add.
1474 2921 1503 2949 P.

82 2985 87 2989 „
214 2958 228 2979 ὅ
245 2957 323 2986 Non
339 2959 414 2994 quod
433 2960 460 2987 in
479 2960 532 2989 hoc
550 2962 710 2990 calendario
727 2969 756 2990 et
773 2963 801 2991 in
818 2964 911 2992 indice
928 2964 1060 2992 librorum
1079 2965 1107 2993 S.
1129 2966 1291 3000 scriptume
1309 2966 1385 2999 (vide
1402 2975 1428 3000 p.
1444 2966 1484 2997 lii)
1502 2975 1636 2994 numerus
1648 2966 1676 2993 in
1689 2966 1819 2994 oolumna

77 3001 86 3026 ἶ
148 3000 186 3029 ad
202 3000 285 3030 finem
302 3002 391 3031 lineae
409 3004 500 3038 priore
517 3005 614 3034 solium
632 3006 667 3034 V.
687 3007 714 3034 in
733 3008 885 3042 posteriore
903 3018 970 3037 vero
987 3007 1110 3040 [uncinis
1128 3010 1263 3044 inclusus]
1280 3010 1364 3038 huius
1380 3010 1512 3039 editionis
1530 3011 1661 3046 paginam
1680 3011 1804 3039 denotat.
