2066 3392
905 192 1077 226 MAIUS.

149 270 394 321 conuersus,
421 276 466 312 et
509 270 637 325 super
669 283 816 324 genua
849 283 949 325 pro-

149 329 374 376 cumbens,
409 343 509 383 quae
543 329 604 370 illi
641 329 700 370 ob
737 329 949 370 asslduum

151 387 305 428 orandi
333 387 455 429 vsum
485 387 529 428 in
559 386 831 428 camelorum
858 386 951 441 spe-

150 445 262 486 ciem
292 444 585 492 occaluerant,
609 458 689 498 pro
723 444 822 498 ipsis
855 458 951 486 ora-

151 502 228 544 bat
251 518 259 545 :
280 503 422 544 donec
443 501 568 544 ve6te
597 502 775 543 fullonis
804 503 951 557 capite

150 561 426 602 comminuto
467 561 666 614 spiritum
709 560 848 602 emisit
879 575 951 602 ca-

151 618 294 660 lendis
317 618 437 672 Maij.
501 618 603 673 Quo
626 618 668 659 in
693 618 790 660 loco
812 632 950 673 prope

149 676 369 731 templum
391 676 452 719 est
474 676 679 731 sepultus.

157 789 448 872 PHilippus
520 790 742 844 apostolus
812 804 949 845 quum

258 862 398 890 annos
430 849 601 890 circiter
629 849 785 903 viginti
817 863 950 890 euan-

150 905 317 961 gelium
359 907 402 948 in
445 906 630 961 Scythia
680 907 949 961 predicasset,

151 977 419 1019 omnemque
436 964 525 1006 sere
545 971 727 1019 gentem
750 965 870 1006 illam
893 966 949 1006 ad

151 1036 266 1064 verae
287 1023 467 1076 pietatis
489 1023 659 1064 cultum
677 1023 949 1070 traduxisset,

150 1081 207 1122 ab
228 1080 480 1122 infidelibus
507 1079 675 1122 tratf’tus
704 1081 760 1122 ad
792 1082 950 1122 Martis

150 1137 352 1188 statuam,
390 1145 437 1180 vt
474 1138 734 1180 sacrificaret
772 1154 780 1180 :
817 1140 950 1180 draco

150 1196 254 1238 inde
279 1203 463 1251 repente
487 1197 654 1247 extitit,
675 1197 748 1251 qui
773 1197 951 1251 pontifi-

149 1255 211 1296 cis
239 1253 378 1296 filium
406 1261 528 1296 certo
556 1255 726 1309 impetu
755 1255 949 1306 adortus,

149 1312 340 1355 letaliter
371 1313 584 1367 percussu,
616 1319 661 1355 et
695 1326 803 1354 mox
837 1314 950 1355 duos

149 1370 362 1420 tribunos,
394 1384 446 1412 ac
482 1371 610 1412 multi
645 1378 859 1425 praeterea
892 1371 949 1413 ab

150 1442 204 1470 eo
220 1428 368 1480 afflati,
384 1429 612 1470 confestim
631 1429 674 1470 in
697 1429 947 1484 pestiferum

150 1485 407 1541 languorem
424 1487 684 1529 inciderunt.
719 1487 949 1542 Philippus

150 1551 299 1587 autem
335 1544 575 1600 perculsam
614 1545 947 1587 multitudinem

149 1602 321 1653 affatus,
343 1603 390 1645 Si
413 1617 513 1657 quae
535 1603 661 1645 vobis
683 1603 841 1644 dixero
862 1603 947 1658 (in-

150 1660 266 1715 quit)
301 1661 450 1702 sedulo
485 1661 706 1711 curabitis,
738 1661 949 1714 polliceor

149 1717 357 1768 futurum,
377 1725 425 1761 vt
453 1719 568 1760 male
597 1717 742 1760 affe&i
764 1720 820 1761 ad
844 1719 948 1774 pris-

149 1777 288 1819 tinam
316 1776 629 1826 valetudinem,
653 1784 696 1818 et
725 1778 801 1831 qui
832 1791 947 1818 mor-

149 1836 212 1877 tui
234 1834 332 1877 sunt
352 1835 504 1877 diuina
532 1835 694 1877 virtute
722 1835 779 1876 ad
808 1836 946 1877 vitam

149 1899 409 1935 reuocentur
441 1909 450 1935 ι
477 1893 740 1947 pestiferque
772 1893 947 1947 serpens

149 1949 293 1992 statim
320 1951 535 2006 abigatur.
598 1951 657 1992 Et
689 1952 947 2005 rogantibus

149 2009 255 2063 quid
286 2022 398 2064 opus
429 2008 534 2050 esset
565 2007 694 2051 fa&o.
758 2009 826 2051 Ite
863 2009 946 2062 (in-

149 2065 263 2121 quit)
300 2074 344 2108 et
379 2067 595 2108 daemonis
637 2067 776 2115 huius,
813 2081 945 2121 quem

149 2123 292 2166 colitis
323 2124 631 2166 simulachrum
663 2125 853 2179 deijcite,
885 2125 946 2167 lo-

148 2195 338 2236 cumque
397 2183 514 2224 vnde
575 2181 682 2224 illud
743 2183 945 2224 demoliti

146 2239 324 2289 fueritis,
361 2240 480 2295 signo
513 2241 654 2282 crucis
691 2240 893 2294 insignite
933 2256 941 2282 ε

149 2297 282 2352 idque
303 2298 346 2339 in
370 2297 526 2340 Christi
550 2299 756 2340 nazareni
779 2312 946 2340 memo-

150 2355 259 2396 riam
293 2369 464 2397 mecum
500 2356 715 2410 supplices
749 2357 944 2398 adorate.

152 2413 380 2455 Faceffunt
424 2413 605 2467 Scythae
654 2414 775 2468 pium
820 2429 943 2468 opuS.

149 2483 238 2524 quo
274 2471 354 2512 rite
390 2478 636 2525 procurato,
673 2478 717 2513 et
753 2473 827 2527 qui
870 2473 944 2514 de-

150 2526 286 2571 sune'ti
322 2527 495 2570 fuerant
528 2530 741 2579 reuixere,
771 2536 815 2571 et
850 2544 944 2584 per-

150 2585 310 2627 niciosa
332 2586 461 2640 pestis
483 2586 556 2628 illa
585 2587 735 2641 procul
765 2588 945 2630 discussa

149 2642 220 2684 est.
253 2656 396 2698 neque
426 2657 621 2698 vnquam
654 2645 804 2699 postea
829 2645 944 2687 visus

149 2700 292 2742 draco.
337 2700 422 2742 His
445 2701 684 2756 Philippus,
709 2703 943 2758 multisque

150 2757 250 2811 alijs
264 2758 394 2799 rebus
415 2759 627 2801 diuinitus
648 2760 792 2814 gestis,
804 2775 942 2815 quum

152 2814 429 2870 Hieropolim
460 2815 576 2858 Afiae
607 2818 833 2860 ciuitatem
871 2832 942 2860 ve-

150 2872 284 2923 nisset,
301 2872 359 2915 ab
380 2873 635 2916 Hebionitis
651 2876 767 2917 cruci
785 2875 946 2918 affixus

384 3012 395 3035 ¹
422 3013 483 3049 die
501 3023 546 3050 .2.
565 3015 607 3049 in
625 3026 671 3050 m.

1749 188 1828 232 127

1021 275 1070 370 (1ῑὲ
1088 269 1316 337 lapidibus
1337 269 1524 312 obrutus
1545 269 1606 312 est
1628 269 1826 312 calendis

1075 342 1145 383 aij.

1021 428 1067 474 {I
1089 425 1361 479 Athanasius
1380 425 1588 480 episcopus
1607 426 1818 480 confeffbr.

1254 483 1400 525 Lemo
1420 482 1582 526 tertz'a¹.

1022 557 1325 640 Nhanasius
1354 558 1584 612 episcopus
1605 559 1672 600 vir
1698 560 1821 600 omni

1125 617 1340 658 virtutum
1363 630 1526 670 genere
1547 623 1592 659 et
1619 615 1822 659 do&rina

1022 673 1287 724 clarissimus,
1341 688 1544 729 veraeque
1599 675 1823 729 religionis

1022 738 1329 787 propugnator
1369 734 1583 787 egregius,
1625 732 1706 775 fuit
1747 747 1822 775 na-

1022 790 1144 831 tione
1152 791 1376 844 aegyptius
1386 790 1678 832 Alexandriae
1689 798 1822 833 ortus.

1024 847 1112 901 Qui
1174 849 1230 890 ab
1290 848 1557 890 Alexandro
1617 849 1823 904 e'piscopo

1023 906 1317 948 alexandrino
1376 906 1608 961 presbyter
1668 905 1823 959 faetus,

1023 964 1163 1018 ipsum
1197 964 1368 1006 secutus
1403 964 1463 1006 est
1492 966 1548 1006 ad
1585 965 1820 1007 concilium

1023 1022 1240 1063 nicenum.
1301 1023 1391 1064 Vbi
1421 1037 1521 1064 cum
1545 1022 1727 1064 Arrium
1749 1037 1822 1065 ve—

1022 1079 1254 1122 hementer
1279 1081 1544 1134 repressisset,
1566 1082 1816 1123 maximum

1023 1138 1067 1179 in
1097 1138 1138 1179 se
1166 1138 1318 1180 odium
1348 1138 1640 1180 Arrianorum
1676 1140 1821 1181 conci-

1021 1197 1144 1238 tauit.
1192 1195 1238 1237 A
1251 1197 1411 1251 quibus
1428 1197 1660 1251 postquam
1676 1198 1821 1239 eidem

1022 1254 1288 1296 Alexandro
1317 1255 1359 1295 in
1383 1255 1637 1309 episcopatu
1661 1255 1822 1297 succes-

1021 1312 1082 1362 fit,
1111 1312 1289 1354 difficile
1320 1310 1440 1354 diestu
1473 1313 1547 1362 est,
1580 1320 1691 1367 quot
1723 1313 1820 1355 infi-

1020 1370 1128 1420 dias,
1152 1377 1351 1425 quotque
1374 1371 1659 1413 incommoda
1675 1372 1821 1425 passus

1021 1428 1161 1470 fuerit.
1224 1428 1425 1483 Quorum
1466 1443 1553 1470 non
1595 1430 1716 1471 nulla
1757 1444 1823 1471 re-

1019 1486 1302 1528 censebimus.
1334 1484 1501 1529 Coatsto
1516 1488 1634 1541 apud
1651 1488 1819 1542 Tyrum

1018 1544 1206 1586 concilio
1235 1544 1538 1599 episcoporum
1569 1559 1733 1599 magna
1761 1561 1820 1587 ex

1019 1608 1146 1657 parte
1202 1602 1496 1644 Arrianorum
1561 1603 1818 1646 muliercula

1019 1661 1227 1715 quaedam
1268 1661 1326 1702 ab
1363 1661 1424 1702 eis
1466 1661 1702 1703 subornata
1744 1662 1819 1711 est,

1018 1732 1119 1773 quae
1137 1718 1430 1760 Athanasium
1449 1719 1681 1771 accusaret,
1699 1721 1818 1774 quod

1018 1775 1044 1817 a
1086 1776 1127 1818 se
1171 1777 1360 1831 hospitio
1412 1777 1643 1831 susceptus,
1685 1776 1819 1819 ηοὸὶυ

1020 1834 1143 1876 illata
1156 1835 1198 1876 vi
1214 1835 1473 1889 pudicitiam
1491 1836 1585 1876 eius
1607 1836 1819 1878 violasset.

1021 1893 1249 1934 Introduci
1272 1893 1329 1934 ad
1352 1893 1447 1934 haec
1477 1894 1652 1935 iubetur
1674 1893 1819 1935 Atha-

1019 1951 1173 2000 nafius,
1214 1965 1313 1992 curn
1356 1965 1446 2005 quo
1497 1952 1707 2005 ingressus
1759 1951 1819 1993 est

1018 2009 1282 2050 Timotheus
1296 2009 1525 2063 presbyter
1538 2009 1647 2050 suus.
1685 2009 1820 2051 Cum-

1018 2080 1104 2120 que
1127 2067 1282 2108 mulier
1303 2081 1356 2108 ea
1377 2081 1476 2121 quae
1499 2064 1657 2108 ed06ta
1678 2067 1820 2109 suerat

1019 2125 1266 2178 perorasset,
1308 2125 1573 2166 Timotheus
1615 2125 1819 2166 Athana-

1018 2182 1124 2223 s1um
1160 2183 1201 2223 se
1233 2182 1317 2223 esse
1361 2182 1578 2232 simulans,
1612 2183 1730 2224 Vere
1764 2197 1819 2225 ne

1017 2241 1199 2294 (inquit)
1231 2240 1387 2281 mulier
1414 2254 1498 2294 ego
1528 2241 1662 2281 mansi
1697 2242 1815 2295 apud

1018 2304 1062 2339 te
1103 2298 1375 2352 aliquando?
1411 2305 1488 2339 aut
1523 2299 1613 2339 vim
1651 2299 1729 2339 tibi
1771 2305 1818 2341 vt

1018 2356 1163 2397 asseris
1188 2355 1347 2397 intuli?
1409 2356 1536 2398 Tunc
1566 2356 1639 2397 illa
1665 2370 1817 2411 proca-

1017 2415 1127 2455 citer
1148 2414 1436 2455 Timotheum
1455 2414 1705 2467 obiurgans,
1727 2413 1820 2456 Tu’

1018 2472 1198 2526 (inquit)
1243 2471 1349 2513 mihi
1390 2472 1479 2513 vim
1523 2472 1666 2514 fecisti.
1749 2473 1816 2514 Tu

1017 2529 1346 2571 commaculasti
1380 2530 1626 2571 castitatem
1661 2544 1819 2578 meam,

1016 2594 1060 2628 et
1102 2588 1159 2629 ad
1214 2588 1381 2629 iudices
1429 2588 1637 2629 conuersa
1680 2589 1818 2642 coepit

1016 2645 1224 2687 obtestari
1244 2645 1377 2687 fidem
1396 2646 1466 2687 dei
1489 2659 1591 2687 vera
1614 2646 1698 2687 esse
1719 2660 1819 2700 quae

1016 2704 1193 2750 diceret,
1228 2704 1436 2757 ignorans
1473 2703 1680 2745 videlicet
1716 2718 1817 2746 eum

1015 2759 1042 2803 a
1069 2774 1158 2815 quo
1187 2762 1276 2803 vim
1307 2761 1348 2803 se
1383 2761 1626 2816 perpessam
1660 2763 1818 2804 menti-

1016 2826 1114 2860 tura
1149 2818 1472 2872 subijciebatur.
1536 2820 1595 2861 Et
1629 2819 1683 2861 sle
1716 2833 1817 2861 cum

1016 2876 1098 2918 risu
1122 2876 1245 2918 simul
1260 2882 1304 2918 et
1319 2876 1630 2931 indignatione
1644 2877 1820 2919 mulier-

1133 3015 1148 3039 2
1172 3017 1242 3061 Tu,
1261 3023 1300 3052 tu
1325 3018 1395 3052 :R.
1417 3018 1455 3052 P.
1474 3018 1518 3053 A.
