2066 3392
837 214 890 247 [A
894 213 1000 248 NUA
1005 213 1135 248 RIUS.

153 295 255 339 teris
276 294 441 351 graecis,
457 300 502 337 et
523 293 732 349 aegyptijs
752 293 956 348 apprime

153 354 361 404 eruditus,
381 353 640 407 parentibus
667 351 827 393 amissis
851 364 954 392 cum

154 411 259 454 esset
292 423 510 452 annorum
549 409 651 464 .xvj.
693 409 834 451 Decio
875 409 956 450 im-

154 475 356 525 peratore
385 468 429 509 in
458 467 714 514 christianos
735 467 954 516 saeuiente,

156 527 200 568 in
222 526 500 569 solitudinem
523 525 695 567 seceffit.
749 525 838 566 Vbi
860 525 957 579 (au—

155 585 280 628 thore
304 585 595 638 Hieronymo,
608 584 683 637 qui
700 583 838 624 vitam
862 583 956 624 eius

155 642 421 697 conscripsit)
451 642 508 683 ad
540 641 659 683 saxei
691 640 856 682 mont-is
889 654 957 681 ra-

154 701 276 743 dices
327 699 591 755 speluncam,
642 712 777 753 quam
830 703 958 739 vetus

155 758 316 813 palma,
338 764 383 800 et
408 757 506 799 fons
531 757 850 811 limpidissimus
879 770 958 796 ex-

155 817 353 865 ornabat,
386 816 444 857 ad
479 816 619 857 vitam
657 813 957 869 peragendam

156 873 300 929 elegit,
334 874 484 929 palma
520 874 676 915 eadem
713 872 958 926 opsonium,

157 938 201 974 et
215 933 523 974 indumentum
539 931 807 985 suggerente.
843 930 959 972 Cum

157 997 307 1032 autem
321 996 498 1032 centum
513 989 725 1031 tredecim
740 1000 958 1029 annorum

158 1048 273 1098 esset,
305 1046 331 1090 a
363 1048 496 1089 beato
529 1046 732 1088 Antonio
765 1059 959 1099 nonage-

159 1106 282 1148 nario
309 1106 354 1148 in
383 1105 459 1147 illa
486 1105 721 1146 solitudine
753 1103 957 1145 inuisltur.

158 1163 332 1219 Quibus
354 1164 468 1205 inter
488 1163 529 1204 se
551 1162 849 1204 iocundisslme
870 1161 960 1202 col·

159 1222 452 1277 loquentibus,
472 1234 630 1262 coruus
656 1233 817 1275 panem
849 1219 959 1261 inte-

158 1293 286 1334 grum
308 1286 412 1322 ante
433 1279 547 1333 ipsos
568 1278 780 1333 deposuit.
832 1277 960 1319 Tunc

162 1338 335 1389 Paulus,
364 1337 611 1392 Sexaginta
643 1335 826 1390 (inquit)
857 1336 960 1377 anni

161 1395 269 1446 sunt,
290 1396 450 1451 quibus
479 1394 761 1437 dimidiatum
792 1394 963 1448 semper

160 1467 321 1510 panem
352 1453 534 1508 accipio,
561 1466 678 1494 nunc
709 1452 765 1494 ad
797 1451 963 1493 aduen-

160 1519 255 1554 tum
277 1518 403 1554 tuum
426 1511 639 1553 militibus
661 1509 744 1551 suis
766 1509 962 1552 Christus

160 1570 403 1625 duplicauit
441 1582 679 1611 annonam.
739 1568 867 1609 Tunc
903 1568 960 1609 ad

162 1629 404 1683 marginem
428 1626 666 1669 nitidissimi
695 1625 828 1667 fontis
857 1639 960 1667 con-

161 1685 359 1736 fidentes,
384 1682 500 1727 saeta
530 1685 743 1734 oratione,
770 1697 886 1738 pane
917 1690 962 1725 et

161 1758 278 1799 aqua
313 1741 474 1793 reseEti,
512 1741 689 1784 nocftem
727 1741 962 1796 peruigiles

161 1802 463 1844 traduxerunt.
499 1800 709 1842 Postridie
723 1800 961 1850 Antonius,

162 1873 262 1902 cum
298 1859 419 1901 Pauli
457 1865 645 1900 mortem
680 1858 836 1899 instare
871 1858 963 1911 ipso

164 1918 430 1972 praedicente
470 1916 754 1971 cognouisset,
791 1915 963 1970 lachry-

21 1975 25 1983 ‘
101 1986 107 1990 ’
163 1988 290 2018 mans
317 1977 374 2017 ad
403 1974 713 2017 monasterium
746 1973 868 2015 suum
901 1987 965 2014 re-

164 2034 359 2082 uertitur,
382 2033 597 2075 relaturus
621 2032 817 2086 pallium,
842 2030 963 2086 quod

165 2091 240 2146 ipfi
263 2091 446 2133 dederat
468 2090 737 2132 Athanafius
758 2091 814 2131 ad
841 2089 964 2131 Pauli

164 2163 322 2204 corpus
349 2148 680 2197 inuoluendum,
705 2154 754 2189 vt
789 2147 846 2189 ab
874 2147 965 2202 ipso

165 2206 306 2249 suerat
337 2213 526 2262 rogatus.
589 2206 785 2247 Rediens
814 2211 964 2246 autem

164 2265 274 2307 vidit
312 2265 425 2306 inter
464 2263 723 2319 angelorum
764 2270 966 2304 cateruas

165 2323 259 2365 eius
283 2323 479 2364 animam
507 2323 637 2363 niueo
665 2321 857 2363 candore
886 2320 967 2361 sul-

165 2386 343 2435 gentem
377 2381 421 2422 in
453 2380 635 2422 sublime
665 2379 968 2428 conscendere,

167 2444 212 2480 et
233 2438 376 2480 statim
398 2452 498 2479 cum
524 2438 693 2492 gemitu
722 2443 766 2478 et
795 2436 967 2490 lachry-

169 2496 252 2538 mis
272 2496 507 2544 exclamat,
531 2496 621 2538 Cur
643 2509 713 2536 me
738 2494 870 2536 Paule
892 2495 968 2535 de-

169 2553 299 2596 seris?
329 2567 405 2595 cur
433 2553 691 2595 insalutatus
719 2553 845 2594 abis?
908 2552 968 2593 Et

168 2624 395 2654 accurrens
426 2611 469 2652 in
500 2610 749 2665 speluncam
779 2610 970 2651 cadauer

169 2669 337 2711 inuenit
414 2668 601 2723 genibus
680 2667 969 2722 complicatis,

170 2725 315 2768 erecta
335 2726 516 2775 ceruice,
535 2726 726 2768 extensis
756 2727 799 2767 in
828 2726 968 2767 altum

170 2784 374 2826 manibus
387 2784 528 2826 oranti
544 2783 689 2825 simile.
719 2782 853 2837 Quod
867 2796 969 2824 cum

171 2841 459 2883 moestissimus
513 2841 775 2884 obuoluisset
825 2841 971 2895 pallio,

173 2912 252 2941 nec
277 2913 366 2954 quo
391 2906 551 2941 terram
578 2898 747 2942 foderet
778 2899 973 2949 haberet,

243 2976 253 2999 ¹
280 2976 454 3013 differens
477 2978 546 3013 :A.

242 3023 256 3046 ²
281 3024 342 3061 die
366 3034 414 3059 ιι.
434 3026 475 3060 in
494 3036 540 3060 m.

1747 208 1823 254 105

1022 305 1124 334 ecce
1140 292 1230 333 duo
1247 291 1398 333 leones
1415 304 1474 332 ex
1493 291 1686 332 interiori
1704 299 1829 346 parte

1024 349 1271 391 solitudinis
1309 349 1550 398 venientes,
1584 349 1711 390 vnius
1751 349 1830 391 ho-

1025 407 1157 449 minis
1193 420 1404 461 capacem
1442 406 1589 447 locum
1625 406 1829 449 effodere.

1025 465 1116 507 Vbi
1144 464 1330 506 humato
1361 477 1554 518 corpore,
1578 477 1630 505 ac
1659 464 1832 505 tumulo

1026 522 1280 577 compofito‚
1295 521 1492 563 tunicam
1512 521 1635 562 Pauli
1657 535 1716 562 ex
1738 521 1833 576 pal-

1027 594 1199 622 marum
1237 579 1354 633 solijs
1389 585 1650 621 contextam
1686 579 1830 620 secum

1027 637 1248 680 deserens¹
1270 638 1499 679 Antonius
1528 638 1584 678 ad
1615 637 1832 679 monaste-

1027 697 1140 738 rium
1164 696 1286 738 suum
1310 695 1503 737 reuersus
1525 695 1597 736 est.

1026 796 1204 851 Igz'nius
1213 802 1332 850 papa
1354 803 1534 850 martyr.
1574 795 1720 852 Lejfflz'o
1737 795 1832 852 ,z‘g‘ffi

1036 881 1239 964 IGinius
1275 895 1394 935 papa
1430 881 1611 923 natione
1647 895 1831 936 graecus,

1111 939 1256 994 patria
1284 939 1547 980 atheniensis
1576 939 1834 981 Antonino⁸

1030 997 1109 1039 Pio
1145 997 1412 1051 imperatore
1446 997 1652 1051 pontifex
1690 996 1832 1039 fafitus

1028 1055 1285 1096 clericorum
1337 1055 1539 1096 ordinem
1592 1056 1834 1109 prudenter

1028 1127 1107 1167 per
1122 1114 1286 1167 gradus
1303 1112 1531 1163 distribuit,
1549 1113 1833 1167 instituitque,

1029 1185 1084 1212 ne
1106 1170 1276 1225 templa
1293 1170 1378 1211 fine
1394 1171 1690 1213 celebratione
1709 1172 1834 1213 dedi-

1029 1235 1243 1278 carentur,
1291 1242 1402 1270 neve
1446 1235 1712 1282 augerentur
1752 1243 1832 1271 nu-

1030 1301 1163 1336 mero,
1194 1292 1270 1327 aut
1304 1287 1651 1328 diminuerentur
1683 1287 1834 1329 incon-

1030 1345 1142 1386 sulto
1164 1344 1519 1398 metropolitano,
1532 1344 1600 1386 vel
1619 1345 1835 1400 episcopo,

1032 1404 1161 1452 Item,
1189 1416 1245 1444 ne
1273 1403 1408 1456 tigna,
1437 1403 1692 1457 reliquaque
1722 1410 1834 1445 tem-

1031 1461 1205 1516 plorum
1254 1461 1440 1501 materia
1488 1460 1531 1502 in
1578 1460 1834 1515 prophanos

1029 1519 1128 1561 vsus
1168 1524 1538 1560 conuerterentur.
1605 1519 1835 1568 Praeterea,

1029 1583 1078 1619 vt
1099 1591 1210 1619 vnus
1233 1576 1386 1617 saltem
1408 1577 1638 1630 patrimus,
1660 1590 1835 1631 vnaque

1031 1635 1239 1676 matrinia
1292 1634 1536 1675 infantibus
1591 1634 1732 1676 adsint
1789 1635 1833 1676 in

1030 1692 1260 1747 baptismo.
1323 1692 1546 1734 Postremo
1574 1693 1630 1734 de
1658 1691 1836 1734 ecclesia

1029 1752 1101 1793 dei
1133 1751 1302 1805 optime
1333 1750 1527 1800 meritus,
1555 1764 1655 1792 curn
1688 1750 1835 1792 mense

1031 1809 1269 1850 Decembri
1291 1808 1593 1850 ordinationes
1614 1814 1682 1850 ter
1697 1809 1836 1850 habu-

1030 1867 1136 1917 isset,
1157 1866 1424 1920 creassetque
1447 1866 1728 1921 presbyteros
1749 1881 1833 1908 .xv.

1029 1925 1242 1967 diaconos
1270 1939 1317 1966 .v.
1348 1924 1577 1978 episcopos
1606 1924 1693 1973 seX,
1722 1937 1835 1965 mar-

1030 1983 1147 2037 tyrio
1212 1988 1449 2023 coronatus
1510 1983 1553 2022 in
1615 1981 1836 2023 Vaticano

1032 2047 1184 2082 monte
1207 2039 1412 2094 sepelitur
1425 2038 1492 2092 ,iij.
1508 2040 1606 2081 idus
1630 2039 1835 2093 Ianuarij.

1032 2099 1147 2141 Cum
1210 2098 1379 2138 sedisset
1443 2111 1584 2139 annos
1646 2104 1838 2152 quatuor

1033 2156 1201 2198 menses
1233 2162 1333 2205 tres,
1364 2155 1458 2196 dies
1489 2161 1690 2210 quatuor.

1067 2251 1112 2297 (I
1137 2248 1349 2290 Hilarius
1367 2247 1574 2302 epzscopus
1594 2246 1801 2301 corgfffr:

1273 2306 1418 2348 LeHio
1439 2305 1568 2347 tertia
1575 2304 1599 2347 ⁴.

1043 2373 1299 2459 HIlarius
1349 2373 1528 2415 natione
1579 2372 1722 2427 gallus
1778 2387 1836 2414 ex

1171 2433 1347 2486 regione
1395 2431 1655 2485 Aquitania,
1696 2429 1839 2472 clarus

1035 2491 1216 2546 quidem
1249 2503 1420 2545 genere,
1453 2489 1523 2530 sed
1562 2489 1650 2530 fide
1687 2494 1838 2530 tamen

1035 2557 1079 2591 et
1115 2548 1326 2603 sapientia
1359 2547 1525 2596 clarior,
1560 2552 1742 2601 propter
1775 2547 1838 2587 in-

1035 2613 1216 2662 gentem
1239 2606 1333 2647 eius
1358 2605 1584 2654 doctrinae,
1605 2618 1656 2646 ac
1685 2602 1839 2645 santili-

1035 2665 1141 2707 tatis
1188 2664 1444 2718 opinionem
1494 2676 1657 2716 magno
1703 2661 1840 2703 totius

1037 2722 1190 2778 populi
1241 2721 1459 2770 consensu,
1511 2720 1613 2762 licet
1664 2720 1840 2768 inuitus,

1040 2779 1319 2822 l'i6tauorum
1381 2778 1608 2833 episcopus
1658 2784 1840 2819 creatur.

1039 2838 1142 2892 Quo
1165 2851 1345 2879 munere
1367 2834 1623 2878 sanffiffime
1642 2835 1840 2889 fungens,

1038 2897 1255 2939 arrianam
1278 2894 1472 2936 haerefim
1498 2899 1604 2935 tunc
1632 2893 1843 2948 temporis

1104 2974 1118 2995 ³
1144 2973 1310 3009 Antonio
1331 2986 1338 3008 :
1359 2974 1396 3008 P.
1414 2974 1456 3008 Λ.

1107 3020 1118 3043 ⁴
1146 3021 1205 3056 die
1229 3030 1278 3066 ¹3·
1298 3021 1337 3055 in
1358 3032 1404 3055 m.
