2066 3392
927 233 1002 265 MA
1006 233 1100 267 IUS.

225 316 270 362 (I
313 313 462 356 Vmor
476 320 517 355 et
535 326 688 355 corona
709 318 931 367 martyres.

404 371 551 413 Lec'lio
579 371 707 413 tertia
720 369 745 413 ².

177 449 386 534 VIGlor
413 451 538 493 miles
571 451 806 494 Antonino
840 451 978 506 impe·

294 516 438 551 ratore
478 509 522 551 in
558 509 688 564 Syria
720 510 864 564 passus
905 509 976 552 est.

178 565 422 608 ProduGtus
447 568 565 609 enim
598 569 654 609 ad
688 567 881 610 tribunal
914 568 977 609 iu-

174 624 283 666 dicis
306 624 561 675 Sebastiani,
584 639 691 667 cum
706 625 792 679 dijs
820 626 976 667 immo-

176 681 266 724 lare
286 689 599 732 contemneret,
614 684 867 725 immaniter
882 698 976 725 cru-

173 740 325 782 ciatur.
406 741 524 782 Nam
583 741 774 794 primum
825 742 976 795 digitis

176 798 338 839 malleo
388 796 622 840 confrac'tis
666 799 709 840 in
752 798 974 841 fornacem

174 855 404 898 ardentem
436 857 583 898 missus
611 856 683 906 est,
712 870 793 898 nec
825 863 975 898 tamen

174 927 201 954 a
222 912 402 955 flamma
424 914 559 956 laesus.
610 915 785 956 Deinde
805 929 976 956 veneno

175 971 349 1026 sumpto
381 972 519 1014 nihilo
551 973 692 1026 magis
723 973 780 1014 ab
815 987 868 1014 eo
902 973 977 1014 lae-

174 1029 303 1071 ditur.
354 1029 457 1083 Quo
480 1030 690 1072 miraculo
711 1029 852 1072 vietus
874 1032 976 1072 arti-

174 1086 262 1133 fex,
309 1089 383 1141 qui
434 1101 652 1129 venenum
705 1096 976 1142 porrexerat,

174 1143 335 1186 relictis
367 1145 495 1186 idolis
528 1147 584 1187 ad
621 1146 839 1188 Christum
873 1161 976 1188 con-

174 1202 321 1244 uersus
352 1203 424 1246 est.
484 1204 601 1245 Tum
622 1202 763 1246 vietor
788 1204 973 1246 feruenti

172 1259 272 1302 oleo
322 1261 610 1315 perfunditur,
651 1268 785 1316 atque
836 1263 975 1303 oculis

172 1318 380 1372 priuatur.
442 1319 664 1361 Postremo
705 1320 861 1374 capitis
897 1321 974 1362 ob-

173 1377 449 1418 truncatione
486 1378 745 1431 martyrium
775 1378 974 1419 consum-

174 1434 324 1476 mauit.
397 1434 532 1476 Cuius
587 1435 797 1489 exemplo
851 1443 974 1478 mota

172 1491 355 1533 soemina
369 1493 573 1546 quaedam
590 1492 766 1535 Corona
782 1495 973 1544 nomine,

172 1563 273 1591 cum
296 1550 462 1604 ingenti
488 1564 595 1592 voce
622 1551 839 1593 Christum
869 1566 973 1593 con-

171 1606 395 1657 clamaret,
416 1614 461 1649 et
490 1608 530 1649 se
565 1608 854 1651 Christianam
889 1610 973 1651 esse

172 1664 393 1716 fateretur,
414 1666 470 1707 ab
491 1666 649 1707 eodem
680 1668 823 1708 iudice
851 1682 973 1709 com-

171 1722 393 1777 prehensa,
425 1724 596 1765 duabus
629 1725 845 1779 proximis
879 1726 972 1779 pal-

173 1781 256 1822 mis
277 1781 319 1822 vi
342 1795 504 1835 magna
525 1782 627 1823 hinc
650 1783 751 1824 inde
767 1785 971 1833 curuatis,

172 1851 329 1880 manus
372 1846 417 1881 et
467 1840 604 1893 pedes
666 1839 971 1895 distringitur²,

173 1895 421 1950 laxatisque
436 1904 479 1938 et
495 1898 536 1938 in
548 1898 765 1939 diuersum
782 1898 973 1941 reduEtis

170 1954 427 2008 discerpitur
445 1969 453 1997 :
470 1961 514 1996 et
532 1955 586 1996 sle
607 1955 765 2010 palmis
782 1955 972 2007 dissecta,

174 2012 372 2065 martyrij
416 2012 611 2066 palmam
646 2013 706 2055 est
742 2014 974 2057 consecuta

173 2069 314 2124 pridie
338 2070 436 2111 idus
458 2069 579 2123 Maij.

226 2143 271 2190 ΙΙ
304 2141 565 2184 Potentiana
586 2143 722 2198 virgo.
779 2145 924 2187 chlio

486 2200 647 2244 tertia³.

179 2267 499 2351 POtentiana
520 2269 643 2323 virgo
667 2270 878 2312 Pudentis
907 2285 973 2312 ro-

288 2326 405 2367 mani
442 2326 549 2367 ciuis
589 2327 679 2368 filia
719 2342 818 2369 cum
862 2329 973 2371 miro

175 2396 324 2424 amore
332 2383 495 2425 coleret
504 2384 793 2427 Christianam
804 2386 974 2440 religio-

175 2453 290 2490 nem,
303 2441 459 2482 orbata
473 2443 731 2496 parentibus
745 2457 845 2485 cum
861 2444 973 2486 soro-

175 2511 220 2539 re
238 2497 312 2539 sua
332 2498 531 2541 Praxede
552 2500 712 2542 assidue
735 2501 907 2556 ieiunijS
929 2509 974 2544 et

173 2555 445 2597 orationibus
469 2570 644 2607 vacanS,
675 2571 808 2601 omne
840 2561 973 2614 patri-

175 2613 374 2654 monium
409 2613 482 2655 s1bi
516 2628 574 2655 ex
614 2615 872 2658 haereditate
909 2632 974 2659 re-

175 2667 326 2711 liftum
368 2672 580 2723 vendidit,
621 2678 665 2714 et
706 2675 972 2728 pauperibus

173 2727 401 2770 distribuit.
466 2729 612 2771 Huius
652 2744 786 2785 opera
826 2731 852 2773 a
895 2734 974 2774 Pio

175 2798 358 2827 romano
392 2786 599 2839 pontifice
626 2794 721 2830 tota
750 2789 879 2843 ipsius
912 2790 974 2832 sa-

174 2842 296 2884 milia
325 2843 381 2884 ad
409 2843 627 2886 Christum
651 2847 857 2889 conuersa
878 2848 938 2890 est
963 2862 972 2890 t

245 2949 254 2971 ¹
283 2949 344 2986 die
362 2960 405 2993 .4.
424 2951 465 2985 in
485 2962 530 2985 m.
579 2961 619 2995 14
642 2964 648 2988 :
671 2953 712 2988 R.
729 2953 765 2988 P.
780 2954 823 2988 Α.

245 2997 259 3018 ²
283 2997 515 3041 distinguitur
537 3010 544 3032 τ
563 2999 605 3033 Λ.

245 3044 259 3065 ³
285 3044 344 3079 die
362 3053 428 3088 -¹9·
448 3045 488 3079 t‘n
509 3057 554 3080 m.

1776 229 1849 271 131

1047 312 1349 367 baptizatique
1367 312 1464 354 sunt
1481 312 1701 367 Vtriusque
1723 311 1853 354 sexus

1047 384 1232 411 numero
1273 370 1399 424 .xcvj.
1463 371 1524 412 Et
1564 384 1665 412 cum
1706 370 1853 411 Anto-

1047 428 1177 469 ninus
1239 428 1342 469 Pius
1405 428 1646 483 imperator
1704 426 1852 469 edifito

1047 485 1226 540 publico
1255 486 1473 536 sanxisset,
1505 492 1554 528 vt
1589 485 1856 528 christianis⁴

1046 544 1230 598 priuatis
1290 544 1507 598 sacrificijs
1567 545 1765 586 contenti
1826 542 1852 585 ὲ.

1046 601 1234 656 publicis
1265 602 1532 644 abstinerent
1566 616 1575 644 :
1608 603 1710 644 Pius
1741 615 1851 656 pon-

1046 659 1253 702 tifexvna
1267 674 1366 702 curn
1385 660 1639 703 Christianis
1657 661 1700 701 in
1714 660 1851 701 domo

1046 719 1319 772 potentianae
1335 719 1453 760 sacra
1470 719 1672 760 faciebat.
1724 717 1850 772 Quos

1046 789 1201 817 omnes
1235 777 1360 831 virgo
1402 777 1513 818 mira
1553 776 1765 830 religione
1805 782 1851 817 et

1046 834 1257 875 comitate
1274 835 1513 888 recipiebat
1531 850 1538 875 :
1555 840 1600 875 et
1616 834 1851 876 necessaria

1046 892 1108 933 eis
1153 892 1516 934 subministrabat.
1580 893 1666 933 His
1717 893 1851 947 igitur

1045 950 1181 1002 virgo,
1204 964 1255 992 ac
1286 951 1448 992 talibus
1474 951 1660 1000 virtutis,
1686 956 1730 992 et
1758 951 1850 1005 pie-

1046 1009 1151 1049 tatis
1201 1008 1408 1062 operibus
1449 1009 1523 1050 diu
1566 1007 1728 1058 funeta,
1769 1009 1850 1049 mi-

1045 1066 1192 1119 grauit
1232 1066 1289 1107 ad
1340 1067 1584 1116 dominum,
1625 1072 1670 1107 et
1721 1067 1849 1107 iuxta

1045 1129 1218 1177 patrem
1272 1124 1392 1165 suum
1447 1124 1615 1178 sepulta
1667 1124 1727 1165 est
1777 1125 1849 1166 via

1046 1181 1218 1223 Salaria
1263 1182 1306 1223 in
1348 1183 1603 1223 coemeterio
1646 1182 1848 1223 Priscillae

1044 1239 1167 1294 .xiiij.
1189 1239 1398 1281 calendas
1422 1239 1550 1294 Iunij.

1141 1379 1187 1424 11
1232 1375 1431 1418 Vrbanus
1441 1383 1559 1431 papa
1581 1384 1758 1431 martyr.

1289 1434 1436 1476 Leaio
1455 1435 1584 1477 tertia
1590 1434 1617 1477 ⁶.

1045 1519 1321 1602 VRbanus
1352 1520 1496 1575 patria
1527 1535 1747 1563 romanus,
1788 1522 1848 1564 M.

1152 1577 1408 1619 Antonino⁶
1433 1579 1698 1633 imperatore
1731 1594 1850 1621 anno

1044 1636 1201 1679 Christi
1229 1636 1417 1690 .ccxxvj.
1439 1637 1749 1691 pontificatum
1771 1639 1848 1679 ad-

1043 1701 1183 1748 eptus,
1198 1695 1363 1736 multos
1381 1693 1622 1737 san6titatis
1640 1696 1850 1751 exemplo

1043 1759 1087 1794 et
1122 1750 1326 1794 do&rina
1366 1753 1568 1807 singulari
1615 1755 1671 1795 ad
1713 1753 1847 1796 fidem

1042 1810 1255 1852 traduxit.
1317 1811 1378 1852 Et
1409 1811 1452 1852 in
1471 1810 1539 1852 his
1560 1811 1848 1853 Valerianum

1043 1868 1187 1909 beatae
1219 1867 1396 1910 Ceciliae
1431 1868 1646 1922 sponsum,
1682 1876 1727 1911 et
1758 1870 1848 1924 Ty-

1043 1926 1238 1967 burtium
1276 1925 1468 1968 eiusdem
1502 1927 1727 1969 Valeriani
1765 1927 1849 1969 sra-

1042 1989 1155 2024 trem
1208 1999 1217 2025 :
1268 1984 1342 2037 qui
1394 1983 1544 2037 postea
1587 1985 1847 2039 martyrium

1043 2041 1257 2082 constanti
1273 2042 1423 2082 animo
1436 2042 1723 2095 pertulerunt.
1759 2044 1847 2085 Hic

1044 2099 1239 2148 instituit,
1270 2104 1317 2140 vt
1348 2100 1515 2153 praedia
1545 2106 1590 2141 et
1621 2100 1781 2143 fundos
1823 2115 1849 2143 a

1044 2156 1247 2197 fidelibus
1288 2157 1463 2198 oblatos
1512 2157 1691 2200 eeclefia
1742 2159 1849 2200 reci-

1043 2220 1167 2268 peret
1207 2227 1259 2255 ac
1299 2219 1469 2256 teneret
1511 2215 1554 2256 in
1599 2229 1847 2267 commune,

1043 2278 1285 2326 prouentus
1311 2278 1461 2313 tamen
1494 2272 1662 2314 clericis
1683 2275 1846 2316 viritim

1044 2329 1319 2382 partirentur.
1373 2330 1488 2372 Sunt
1505 2331 1579 2385 qui
1602 2332 1848 2375 attribuant

1043 2387 1144 2428 huic
1166 2385 1488 2428 distinctionem
1506 2396 1716 2442 quattuor
1737 2397 1848 2432 tem-

1043 2458 1212 2498 porum,
1249 2458 1300 2486 ac
1335 2445 1480 2499 ieiunij
1528 2459 1537 2487 :
1577 2460 1678 2489 cum
1715 2454 1847 2490 antea

1043 2502 1273 2544 hominum
1292 2502 1511 2557 imperitia
1528 2505 1849 2550 confunderen-

1043 2565 1124 2602 tur.
1178 2561 1372 2602 Demum
1395 2574 1495 2602 cum
1520 2561 1689 2605 sedisset
1705 2577 1846 2606 annos

1043 2618 1129 2671 .iiij.
1183 2617 1351 2659 menses
1402 2619 1556 2661 decem
1607 2620 1702 2662 dies
1754 2622 1846 2676 .xij.

1044 2676 1258 2730 martyrio
1312 2684 1549 2718 coronatus
1597 2678 1669 2728 est,
1711 2685 1756 2721 et
1801 2681 1845 2723 in

1043 2733 1308 2775 coemeterio.
1347 2733 1606 2777 Praetextati
1643 2737 1714 2778 via
1756 2737 1847 2792 Ty-

1043 2791 1219 2832 burtina
1265 2791 1456 2846 sepultus
1498 2793 1595 2847 .viij.
1637 2794 1846 2838 calendas

1044 2848 1172 2902 Iunij.

1115 2954 1127 2976 ⁴
1153 2955 1337 2990 christiani
1364 2968 1370 2990 :
1392 2956 1434 2990 R.
1454 2957 1490 2990 1‘.
1507 2958 1548 2992 Λ,

1115 3002 1128 3021 ⁵
1153 3002 1213 3036 die
1231 3011 1297 3047 .25.
1318 3003 1358 3036 in
1378 3014 1423 3038 m.

1114 3049 1128 3070 ⁰
1153 3049 1318 3083 Antonio
1343 3050 1412 3085 ;Λ.

1614 3122 1727 3163 9——2
