2066 3392
265 178 346 230 146

317 268 406 311 Vbi
467 273 617 322 patres
667 264 971 320 praecellentes
1024 266 1067 305 in

265 326 442 369 mortali
459 338 641 379 corpore
659 323 956 364 Admirantur
977 324 1071 363 assi-

267 386 427 427 stentes
455 385 511 426 de
540 389 632 424 tam
662 382 820 436 grandi
852 394 1032 422 munere
1063 395 1071 421 :

266 444 482 484 Diuinum
524 454 687 482 numen
737 445 967 481 cernentes
1009 439 1073 479 in-

266 507 415 542 creato
437 500 613 540 lumine.

327 557 539 607 Genitori,
588 555 828 609 genitoque
879 553 986 602 laus,
1030 559 1074 594 et

269 616 471 657 iubilatio
514 630 522 655 :
564 613 706 662 Salus,
742 613 896 660 honor,
935 612 1073 652 virtus

268 687 448 728 quoque
479 673 539 721 fit,
569 678 614 712 et
644 668 895 712 benedictio
927 685 936 710 :
970 669 1073 709 Pro-

267 732 442 773 cedenti
478 731 535 771 ab
571 735 760 782 vtroque
796 741 978 781 compar
1020 726 1069 768 fit

267 790 478 831 laudatio.
541 787 703 828 Amen.

589 892 755 934 Oratio.

275 981 467 1066 DEuS,
521 980 596 1033 qui
646 978 749 1019 fidei
799 978 1074 1018 sacramenta

413 1040 457 1079 in
508 1037 723 1091 vnigeniti
774 1036 839 1076 tui
885 1035 1073 1089 gloriosa

269 1096 651 1150 transfiguratione
679 1100 855 1148 patrum
879 1093 1073 1134 testimo-

269 1155 343 1195 nio
385 1154 595 1195 roborasti
641 1165 649 1191 t
698 1158 743 1193 et
784 1151 1071 1206 adoptionem

270 1212 459 1253 filiorum
490 1209 728 1265 perfectam
758 1223 866 1250 voce
895 1209 1073 1263 delapsa

270 1272 313 1311 in
346 1270 463 1311 nube
495 1269 641 1310 lucida
673 1267 930 1308 mirabiliter
961 1281 1073 1320 pra-3-

270 1328 440 1382 fignasti
471 1343 478 1368 :
508 1327 702 1368 concede
732 1325 948 1379 propitius
986 1338 994 1365 :
1026 1330 1074 1365 vt

269 1387 398 1440 ipsius
417 1385 531 1439 regis
549 1385 701 1438 gloriae
718 1397 798 1424 nos
815 1383 1073 1423 cohaeredes

270 1444 433 1485 efficias
460 1459 468 1484 :
499 1449 543 1484 et
579 1442 773 1483 eiusdem
809 1440 961 1494 gloriae
999 1440 1073 1480 tri-

271 1503 381 1543 buas
400 1502 482 1542 esse
500 1499 722 1541 consortes
747 1515 755 1540 z
775 1513 854 1552 per
870 1498 1072 1539 eundem.

270 1628 314 1673 {I
339 1625 422 1666 Ad
438 1624 703 1666 matutinum
734 1620 1074 1664 z'mtitatorz'mn‘.

329 1718 564 1759 Summum
583 1729 732 1770 regem
755 1714 908 1768 gloriae
931 1714 1074 1758 Chris-

270 1782 367 1817 tum
391 1776 637 1817 adoremus

561 1898 781 1951 Hymnus

363 1984 520 2026 Xultet
548 1984 756 2025 laudibus
783 1983 950 2025 sacrata
972 1997 1074 2024 con-

391 2044 469 2093 cio,
494 2042 607 2085 Coeli
640 2042 892 2096 agminibus
925 2040 1076 2083 iuncta

270 2102 466 2155 tripudio
509 2101 592 2142 Pro
633 2100 754 2142 verbi
795 2100 946 2153 gloria,
988 2113 1076 2153 qua

271 2159 501 2213 splendent
523 2159 672 2200 omnia
697 2172 706 2200 :
729 2158 878 2207 Terra,
900 2164 1076 2212 pontus,

271 2224 314 2258 et
337 2217 512 2258 aethera.

332 2275 589 2316 Promissum
641 2273 851 2327 panditur
891 2272 1074 2314 fratrum

270 2333 327 2373 de
364 2333 511 2373 medio
553 2345 562 2373 t
601 2332 742 2372 Patris
778 2345 878 2372 cum
913 2331 1076 2372 labitur

270 2389 370 2431 vos²
402 2390 457 2430 de
499 2389 670 2442 fastigio
715 2402 724 2430 ε
765 2389 916 2430 dicens
958 2388 1075 2429 hune

275 2448 415 2488 filium
458 2446 686 2488 do&orem
724 2445 838 2488 rem3
870 2446 1074 2487 coelicum

273 2506 538 2559 Audituque
559 2505 871 2558 dignisfimum.

329 2564 396 2604 Te
418 2564 532 2604 trina
558 2564 711 2612 deitas,
735 2575 912 2615 vnaque
936 2561 1074 2615 posci-

274 2634 370 2661 mus
406 2634 414 2662 :
448 2621 522 2662 Sic
554 2634 634 2660 nos
666 2626 714 2661 tu
746 2620 881 2668 vifita‚
902 2620 1008 2660 ficut
1030 2625 1075 2660 te

271 2679 456 2719 colimus
492 2692 500 2719 :
536 2679 616 2718 Per
647 2684 746 2718 tuas
780 2677 954 2718 semitas
989 2678 1076 2718 duc

271 2750 353 2776 nos
394 2750 482 2789 quo
525 2736 749 2776 tendimus
793 2734 867 2775 Ad
917 2734 1074 2785 lucem,

270 2807 403 2847 quam
427 2793 658 2834 inhabitas
719 2792 880 2834 Amen.

339 2900 351 2922 ¹
379 2900 438 2935 die
456 2899 486 2935 6.
507 2901 548 2935 in
567 2911 612 2935 m.

340 2947 353 2969 ²
378 2959 448 2981 vox
472 2959 478 2981 ε
500 2949 542 2982 R.
563 2948 600 2981 P.
620 2948 663 2981 A.

337 2993 351 3015 ³
376 3006 454 3029 rem
479 3007 485 3029 :
504 3005 571 3029 om.
594 2995 636 3028 R.
660 2996 696 3029 P.
717 2996 759 3029 A.

959 187 1233 221 AUGUSTUS.

1185 265 1332 306 Lemo
1354 265 1484 307 tertia
1504 279 1555 307 ex
1572 265 1756 320 capitulo
1771 265 1884 320 xvz'j.

1427 323 1491 365 M
1486 324 1637 366 atthoez'
1640 322 1665 367 ⁴.

1147 403 1269 485 ET
1321 403 1417 457 post
1459 404 1555 445 dies
1596 404 1684 452 sex,
1722 403 1944 458 assumpsit

1250 461 1369 502 Iesus
1393 462 1571 503 Petrum
1594 468 1638 503 et
1662 462 1873 503 Iacobum
1896 467 1942 503 et

1142 519 1357 560 Ioannem
1402 519 1580 560 fratrem
1609 519 1941 561 eius...Nemini

1138 577 1341 618 dixeritis
1369 577 1576 618 vifionem
1614 593 1623 618 ε
1656 578 1798 618 donec
1828 576 1943 618 filius

1138 634 1331 675 hominis
1353 633 1378 676 a
1402 635 1586 676 mortuis
1609 635 1813 688 resurgat.

1215 742 1330 783 Dom
1336 741 1474 783 inicus
1493 742 1698 795 confeffor
1714 741 1868 796 duplex

1266 800 1422 841 minus.
1483 799 1629 841 Lefiz'o
1650 798 1811 842 tertia⁵.

1146 884 1463 968 DOminicus
1497 886 1677 927 natione
1717 885 1937 940 hispanus,

1265 944 1330 984 vir
1361 942 1592 985 sanffitate
1643 949 1686 984 et
1737 942 1939 986 doctrina

1139 1000 1293 1050 clarus,
1361 1002 1526 1042 ordinis
1596 1002 1936 1055 praedicatorum

1139 1057 1292 1100 auctor
1315 1059 1534 1113 Calaroga
1560 1059 1810 1100 oxomensis
1831 1060 1942 1101 dioe-

1140 1117 1243 1157 cesis
1270 1117 1462 1170 .oppido
1513 1124 1643 1158 natus
1694 1117 1765 1167 est,
1816 1124 1943 1171 patre

1144 1175 1300 1225 Felice,
1322 1182 1461 1215 matre
1482 1189 1586 1216 vero
1610 1175 1789 1216 Ioanna.
1827 1174 1941 1229 Quae

1141 1231 1259 1273 sa5ta
1309 1233 1494 1286 grauida
1545 1234 1588 1273 in
1640 1233 1801 1273 somnis
1851 1232 1942 1274 visa

1141 1290 1215 1331 fibi
1246 1290 1306 1331 est
1334 1297 1458 1331 vtero
1485 1290 1524 1331 se
1549 1290 1716 1344 gestare
1745 1290 1941 1332 catulum

1141 1362 1241 1389 cum
1265 1348 1408 1389 facula
1425 1349 1487 1389 ori
1505 1349 1675 1397 inserta,
1690 1362 1779 1402 qua
1801 1348 1942 1402 egres-

1142 1406 1210 1447 sus
1261 1420 1320 1447 ex
1362 1412 1487 1447 vtero
1528 1412 1672 1447 totum
1725 1407 1942 1447 mundum

1142 1465 1405 1505 incenderet.
1490 1463 1592 1518 Qua
1640 1463 1846 1505 videlicet
1895 1477 1941 1505 re

1141 1522 1487 1575 portendebatur
1514 1535 1698 1575 puerum
1728 1521 1812 1562 esse
1840 1535 1943 1562 con-

1141 1586 1332 1633 ceptum,
1354 1580 1429 1632 qui
1461 1579 1691 1633 splendore
1722 1579 1808 1620 suae
1839 1580 1944 1620 doc-

1142 1638 1268 1677 trinae
1291 1643 1435 1678 totum
1462 1638 1678 1678 mundum
1701 1636 1943 1686 illustraret,

1142 1701 1187 1736 et
1219 1695 1611 1748 praedicationibus
1642 1695 1698 1735 ad
1730 1692 1847 1736 τεξὶε
1877 1695 1942 1736 vi-

1142 1753 1336 1793 uendum
1361 1752 1666 1802 inflammaret,
1688 1758 1736 1794 vt
1758 1765 1824 1793 res
1846 1752 1938 1806 ipsa

1142 1810 1394 1852 declarauit.
1458 1810 1559 1851 Hoc
1590 1810 1708 1851 enim
1740 1809 1941 1863 praestitit

1142 1874 1238 1909 tum
1268 1882 1345 1921 per
1366 1867 1418 1917 se,
1440 1874 1535 1908 tum
1558 1868 1692 1908 etiam
1722 1881 1800 1921 per
1827 1867 1944 1908 ordi-

1142 1940 1244 1966 nem
1286 1927 1640 1979 praedicatorum,
1677 1938 1811 1979 quem
1852 1925 1942 1979 ipse

1142 1984 1352 2024 condidit.
1389 1997 1488 2024 cum
1526 1984 1645 2037 prius
1682 1984 1726 2024 in
1764 1982 1943 2024 ecclesia

1143 2041 1385 2083 Oxomenfi
1404 2041 1545 2082 suisset
1563 2041 1801 2082 canonicus
1818 2054 1943 2095 regu-

1142 2099 1255 2140 laris.
1319 2099 1464 2140 Huius
1514 2099 1593 2139 viri
1645 2096 1851 2139 santfftitas
1899 2104 1944 2139 et

1143 2155 1343 2198 do&rina
1396 2157 1634 2210 plurimum
1688 2156 1846 2198 enituit
1898 2156 1943 2197 in

1143 2214 1421 2269 extirpandis
1436 2214 1667 2255 haeresibus
1681 2213 1942 2267 perniciosis,

1142 2287 1242 2326 quae
1298 2273 1355 2313 ad
1415 2272 1622 2313 Tolosam
1673 2270 1944 2326 pullularant

1142 2330 1369 2384 septennio
1383 2329 1643 2383 consumpto
1657 2329 1700 2370 in
1715 2342 1769 2370 eo
1783 2328 1944 2372 labore.

1143 2387 1316 2441 Quibus
1333 2388 1461 2428 rebus
1479 2385 1637 2428 duGtus
1657 2387 1943 2428 Innocentius

1142 2446 1296 2487 tertius
1337 2459 1457 2499 papa
1504 2445 1749 2486 institutum
1791 2444 1848 2485 ab
1889 2457 1942 2485 eo

1143 2504 1343 2544 ordinem
1389 2501 1653 2544 auftoritate
1704 2501 1945 2555 apostolica

1143 2561 1420 2614 approbauit.
1443 2566 1487 2601 et
1512 2559 1645 2614 paulo
1670 2559 1766 2614 post
1788 2559 1942 2600 itidem

1142 2619 1353 2659 honorius
1425 2619 1580 2659 tertius
1652 2616 1943 2658 confirmauit.

1143 2676 1406 2717 Dominicus
1462 2676 1597 2729 igitur
1648 2688 1750 2715 cum
1802 2674 1943 2715 multa

1143 2734 1404 2775 monasteria
1440 2747 1518 2787 per
1553 2733 1704 2773 orbem
1747 2731 1943 2785 erigendi

1143 2790 1297 2833 anaor
1327 2791 1480 2841 suisset,
1517 2789 1820 2844 miraculisque
1855 2789 1946 2830 cla-

1211 2900 1225 2922 4
1250 2899 1350 2946 [xvii.
1375 2899 1490 2945 1—9.]

1212 2948 1226 2969 ⁵
1251 2949 1311 2983 die
1329 2957 1371 2991 .7.
1392 2948 1432 2982 in
1451 2959 1496 2982 m.
