2066 3392
242 208 322 250 150

241 288 369 330 castae
390 294 435 330 et
456 286 616 330 sanetae
638 286 871 342 pueritiam
894 284 1044 327 adole-

242 346 542 400 scentiamque
582 345 795 395 traduxit,
837 348 886 385 vt
932 343 1045 396 saepc

242 403 288 445 a¹
320 404 576 445 mulieribus
609 409 789 457 propter
819 401 1044 455 egregiam

242 463 335 503 eius
372 462 744 516 pulchritudinem
779 459 1046 506 sollicitatus,

243 533 470 574 nunquam
495 525 678 573 peccato
695 524 739 559 et
756 517 875 558 carni
898 515 1046 570 acqui-

244 579 394 619 euerit.
457 577 577 631 Quin
599 583 647 618 vt
674 576 754 616 has
776 575 1046 616 tentationes

244 636 469 689 effugeret,
523 635 681 688 viginti
737 634 850 674 duos
906 645 1046 673 annos

244 700 375 735 natus
397 692 672 734 cistercienfis
698 691 863 732 ordinis
893 702 1046 730 mona-

244 752 352 793 chus
369 749 522 800 faetus,
535 749 696 803 vigilijs
713 755 757 790 et
774 747 1046 789 orationibus

245 809 425 850 mirifice
440 808 628 857 deditus,
646 807 688 847 in
707 807 843 847 nimia
860 818 1047 860 pauper-

243 874 337 909 tate
364 868 502 908 vitam
533 864 791 906 sanctissime
822 862 1045 918 perduxit.

243 925 321 966 Ab
342 925 464 966 omni
487 924 729 965 ambitione
751 929 842 963 tam
866 921 1046 970 alienus,

242 990 291 1024 vt
323 982 572 1024 ianuensem
602 987 647 1022 et
676 978 1046 1022 mediolanensem

244 1041 522 1094 episcopatus
544 1040 618 1080 fibi
646 1039 820 1079 oblatos
849 1036 1047 1079 constan-

244 1100 399 1140 tiffime
432 1098 694 1138 recusauerit
719 1103 847 1137 tanto
879 1096 919 1136 se
952 1108 1046 1134 mu-

245 1171 348 1198 nere
364 1157 594 1210 indignum
610 1155 693 1196 esse
708 1153 928 1208 professus.
959 1152 1046 1193 Hic

244 1214 386 1256 multa
416 1228 550 1268 opera
582 1213 758 1267 egregia
790 1210 1046 1265 composuit,

244 1271 446 1314 doftrina
480 1272 692 1326 praeditus
729 1269 867 1311 infusa
905 1269 1046 1322 magis

243 1331 455 1372 diuinitus
473 1344 607 1383 quam
626 1328 883 1369 humanitus
905 1334 1043 1380 parta.

243 1389 448 1429 Tandem
480 1402 597 1428 anno
630 1387 715 1427 suae
746 1386 891 1427 fetatis
923 1385 1046 1426 sexa-

243 1447 406 1500 gesimo
440 1446 572 1487 tertio
603 1446 727 1498 graui
766 1445 921 1484 morbo
953 1457 1046 1483 cor-

244 1511 406 1558 reptus,
467 1504 696 1544 monachis
757 1501 1047 1542 assistentibus

244 1563 519 1611 charitatem,
548 1561 859 1609 humilitatem,
888 1573 939 1600 ac
971 1573 1048 1611 pa-

243 1620 445 1662 tientiam
496 1620 587 1659 iure
628 1618 877 1659 testamenti
920 1617 1048 1657 relin-

244 1692 382 1732 quens
415 1677 566 1718 multis
599 1675 820 1716 miraculis
852 1675 993 1715 clarus
1023 1672 1049 1714 a

243 1737 335 1778 vita
357 1736 564 1789 migrauit
582 1734 687 1787 .xiij.
705 1733 912 1774 calendas
937 1732 1048 1786 Sep-

245 1794 437 1836 tembris.

246 1909 290 1954 (1
314 1901 654 1943 Bartholomoeus
674 1899 878 1954 apostolus
898 1898 1052 1953 duplex

570 1958 723 1999 mains.

567 2043 730 2086 Oratio.

248 2130 597 2214 OMnipotens
629 2128 891 2182 sempiterne
927 2127 1050 2178 deus,

364 2190 438 2242 qui
471 2188 599 2228 huius
631 2187 717 2227 diei
748 2185 1047 2227 venerandam

245 2244 527 2299 sanctamque
579 2245 779 2285 laetitiam
832 2245 875 2284 in
928 2243 1047 2284 beati

242 2304 426 2357 apostoli
451 2304 513 2344 tui
546 2301 859 2343 Bartholomaei
888 2300 1049 2342 festiui-

243 2368 336 2402 tate
372 2362 557 2403 tribuisti
593 2376 600 2401 :
637 2361 695 2401 da
732 2359 921 2400 ccclefiae
957 2365 1046 2400 tuae

242 2419 492 2473 quaesumus
515 2426 558 2460 et
584 2432 733 2459 amare
759 2418 878 2471 quod
909 2417 1046 2458 credi-

241 2479 307 2518 dit
339 2493 346 2519 :
378 2484 421 2519 et
447 2478 689 2531 praedicare
715 2476 835 2530 quod
857 2475 1008 2516 docuit
1038 2488 1046 2516 :

241 2549 332 2589 per.

478 2642 623 2684 Lea-‘lio
646 2639 805 2682 tcrtz'a2.

249 2726 642 2810 BArtholomcus
693 2725 922 2791 apostolus
969 2739 1044 2766 na-

339 2787 460 2827 tione
480 2785 680 2839 galilaeus
704 2785 746 2825 in
765 2798 816 2824 ea
833 2783 1044 2824 d1u1s10ne

239 2843 356 2884 orbis
388 2850 613 2891 terrarum,
643 2856 730 2896 qua
762 2841 946 2894 apostoli
978 2847 1044 2882 to-

310 2934 322 2956 1
349 2946 370 2968 a
393 2947 399 2969 :
418 2946 486 2968 om.
509 2935 546 2968 P.

309 2982 323 3005 ²
348 2982 408 3016 die
435 2991 479 3022 24
500 2982 540 3015 ιἰι
562 2993 607 3014 m.
655 2981 733 3015 0111.
762 2981 805 3015 R.
849 2980 890 3013 iu
914 2979 1044 3014 tabula

240 3034 362 3065 [anien
381 3032 592 3063 erratorum
611 3028 777 3062 ιιιίιίίίιιν.
829 3027 889 3061 die
916 3036 965 3069 14.
990 3027 1026 3061 P.

937 206 1213 241 AUGUSTUS.

1113 284 1200 326 tius
1227 285 1459 329 Christiani
1483 288 1672 343 mysterij
1696 288 1914 331 certisfimi

1113 342 1243 384 testes
1295 344 1408 386 inter
1454 345 1494 387 se
1542 347 1804 400 prouincias,
1846 345 1917 389 vt⁸

1116 400 1272 443 Christi
1313 401 1561 445 doctrinam
1613 405 1917 458 praedicarent,

1114 460 1265 512 partiti
1307 460 1416 511 sunt,
1450 462 1695 503 citeriorem
1739 462 1915 504 Indiam

1115 516 1301 568 sortitus,
1331 519 1612 573 euangelium
1642 520 1768 562 iuxta
1798 520 1918 562 Mat-

1115 574 1220 615 thaei
1271 577 1556 618 traditionem
1608 578 1650 618 in
1702 578 1915 619 Indorum

1115 632 1357 674 sermonem
1392 635 1620 682 conuertit,
1645 641 1689 677 et
1717 635 1917 677 latisfime

1115 691 1386 744 praedicauit.
1460 692 1700 747 Quumque
1740 693 1918 747 prouin-

1115 750 1228 789 ciam
1267 749 1386 790 suam
1429 749 1543 791 bene
1583 757 1718 805 atque
1754 751 1920 792 vtiliter

1115 806 1462 857 administrasset,
1507 808 1808 862 compluribus
1859 809 1916 850 ad

1116 864 1273 906 Christi
1325 865 1458 906 fidem
1510 867 1737 916 conuersis,
1778 866 1920 908 multa

1114 935 1194 976 pro
1213 921 1384 964 Christo
1403 923 1496 965 Iesu
1515 924 1725 978 supplicia
1742 925 1917 966 interim

1115 980 1271 1033 passus,
1293 981 1335 1021 in
1359 981 1620 1023 Armeniam
1642 982 1773 1024 venit.
1829 982 1920 1024 Ibi—

1115 1052 1201 1091 que
1234 1038 1540 1080 Palemonium
1577 1039 1769 1081 Albanae
1799 1041 1919 1082 vrbis

1117 1110 1262 1149 regem
1293 1110 1392 1137 curn
1423 1098 1611 1150 coniuge
1640 1104 1684 1139 et
1715 1097 1790 1152 xij.
1813 1098 1919 1139 ciui-

1116 1153 1282 1195 tatibus
1323 1155 1378 1195 ad
1425 1154 1581 1196 Christi
1622 1155 1790 1197 cultum
1831 1162 1919 1197 tra-

1117 1212 1257 1253 duxit.
1322 1213 1559 1266 Multisque
1582 1214 1802 1255 miraculis
1828 1213 1920 1255 edi-

1116 1270 1172 1310 tis
1207 1270 1263 1310 ad
1300 1270 1567 1324 postremum
1604 1270 1630 1312 a
1669 1270 1919 1312 Palemonis

1117 1328 1249 1368 fratre
1273 1342 1282 1370 ε
1305 1328 1576 1382 pontificum,
1601 1329 1674 1383 qui
1705 1330 1919 1370 daemoni-

1117 1386 1199 1426 bus
1222 1386 1478 1435 seruiebant,
1499 1387 1631 1437 suasu,
1650 1387 1917 1429 interficitur.

1117 1443 1231 1497 pelle
1260 1445 1379 1498 prius
1411 1443 1622 1494 detrae‘ta,
1647 1451 1695 1486 vt
1727 1446 1918 1487 atrocius

1117 1503 1391 1555 expenderet
1432 1502 1703 1556 supplicium.
1764 1503 1918 1557 Atque

1116 1559 1200 1600 hoc
1228 1560 1406 1613 quidem
1438 1560 1637 1614 martyrij
1667 1574 1827 1614 genere
1859 1561 1917 1602 ad

1117 1617 1278 1658 coelum
1308 1617 1480 1670 spiritus
1510 1619 1601 1658 eius
1630 1618 1826 1660 euolauit
1847 1619 1916 1660 .ix.

1117 1675 1324 1716 calendas
1377 1675 1662 1728 Septembris.
1745 1676 1917 1730 Corpus

1117 1739 1265 1773 autem
1304 1733 1468 1774 ibidem
1506 1734 1734 1775 conditum
1777 1734 1919 1775 multo

1117 1790 1212 1844 post
1233 1797 1433 1844 tempore
1455 1791 1511 1832 ad
1532 1791 1756 1845 Lyparam
1775 1791 1918 1833 ficiliae

1118 1849 1394 1889 adiacentem
1418 1848 1602 1890 insulam
1624 1849 1822 1891 delatum
1845 1849 1918 1891 est.

1120 1907 1231 1947 Inde
1264 1906 1569 1947 Beneuentum
1601 1908 1716 1948 circa
1750 1921 1918 1948 annum

1121 1964 1279 2005 Christi
1354 1964 1575 2018 D.cccviij.
1641 1965 1918 2007 translatum.

1121 2023 1240 2064 Hinc
1258 2022 1407 2076 postea
1427 2023 1633 2072 Romam,
1649 2023 1723 2064 vbi
1740 2024 1917 2078 egregia

1117 2080 1270 2134 populi
1292 2081 1574 2122 veneratione
1596 2081 1763 2122 colitur.

1177 2191 1222 2236 11
1245 2188 1496 2243 zepherinus
1505 2196 1623 2243 papa
1643 2190 1852 2244 confejffor.

1353 2247 1498 2288 LetJio
1520 2245 1682 2290 tertia⁴.

1120 2320 1440 2403 ZEpherinus
1496 2322 1639 2375 patria
1695 2335 1916 2371 romanuS‚

1217 2379 1290 2433 qui
1319 2379 1471 2420 Seueri
1501 2380 1778 2433 imperatoris
1805 2385 1917 2421 tem-

1115 2451 1222 2490 pore
1253 2436 1456 2490 pontifex
1488 2443 1662 2478 creatus
1693 2437 1765 2487 est,
1787 2437 1916 2478 rebus

1113 2495 1275 2535 diuinis
1297 2494 1438 2548 magis
1460 2508 1592 2548 quam
1622 2495 1827 2536 humanis
1852 2496 1918 2535 in-

1113 2558 1263 2593 tentus
1295 2567 1303 2593 :
1335 2552 1567 2599 constituit,
1597 2558 1645 2593 vt
1675 2552 1917 2594 astantibus

1114 2610 1280 2650 clericis
1298 2615 1342 2650 et
1360 2609 1480 2650 laicis
1498 2609 1700 2651 fidelibus
1719 2610 1916 2652 sacerdos

1114 2674 1157 2708 et
1180 2668 1316 2708 lenita
1344 2667 1630 2709 initiarentur.
1692 2667 1846 2722 Atque
1867 2674 1916 2709 vt

1112 2725 1379 2766 consecratio
1420 2726 1559 2766 diuini
1608 2725 1829 2779 sanguinis
1870 2725 1914 2766 in

1112 2783 1251 2824 vitreo
1269 2783 1367 2824 vase
1384 2797 1472 2823 non
1497 2783 1539 2823 in
1558 2783 1704 2837 ligneo
1719 2789 1767 2824 vt
1783 2789 1916 2824 antea

1115 2840 1255 2882 fieret.
1294 2841 1381 2882 Sed
1397 2840 1491 2881 haec
1506 2840 1718 2882 institutio
1735 2839 1761 2882 a
1775 2840 1916 2895 poste-

1182 2930 1196 2952 ³
1222 2937 1260 2966 vt
1283 2942 1289 2965 :
1310 2942 1377 2965 om.
1400 2932 1438 2966 P.

1183 2978 1196 3000 ⁴
1222 2979 1281 3014 die
1301 2979 1345 3013 26
1363 2979 1403 3013 in
1422 2989 1467 3013 m.
1525 2978 1574 3013 16.
1597 2979 1634 3013 P.
