2066 3392
900 198 1082 231 IULIUS.

154 273 378 330 synagogi,
392 275 448 317 ad
471 274 607 317 filiam
625 275 756 330 ipsius
772 289 798 317 a
815 282 957 317 morte

154 334 461 375 reuocandam.
526 334 661 376 Hunc
677 339 722 375 et
740 334 956 375 Ioannem

153 389 333 432 fratrem
355 397 449 433 tam
470 390 656 434 dilthos
678 392 763 434 esse
786 391 958 434 Christo

153 461 305 490 eorum
328 455 469 491 mater
490 449 780 504 intelligebat,
797 456 846 492 vt
867 463 956 491 non

153 505 425 549 dubitauerit
475 507 533 549 ab
574 508 666 562 ipso
708 514 869 562 petere,
909 514 958 549 vt

151 577 291 618 quum
313 565 418 606 esset
439 565 483 606 in
506 565 581 607 suo
607 579 744 619 regno
769 566 956 607 alterurn

152 635 180 663 a
220 621 392 664 dextris
424 623 673 673 collocaret,
700 623 888 665 alterum
930 637 957 665 a

152 679 338 722 sinistris.
391 681 480 723 Hic
502 682 635 735 igitur
655 682 844 723 Iacobus
862 681 958 736 post

155 737 312 780 Christi
363 738 599 787 ascensum,
641 753 778 793 quum
821 739 957 780 fidem

154 795 283 850 ipsius
306 810 384 850 per
407 797 606 838 Iudaeam
636 804 680 839 et
708 798 956 839 Samariam

154 853 414 896 mirabiliter
458 855 745 909 praedicando
796 869 956 910 propa-

152 911 290 965 gaffet
332 927 341 954 :
381 911 679 967 plurimosque
721 918 766 954 et
806 915 850 954 in
891 913 959 954 his

155 969 489 1024 Hermogenem
520 970 776 1012 haereticum
809 972 864 1012 ad
887 985 959 1012 ve-

153 1040 249 1069 rum
310 1029 381 1070 dei
442 1028 610 1070 cultum
667 1029 958 1079 conuenisset,

156 1084 418 1140 Hispaniam
447 1086 610 1140 adijsse,
634 1093 678 1128 et
704 1087 764 1129 ibi
796 1101 957 1128 nouem

152 1148 328 1184 tantum
366 1144 482 1186 viros
514 1145 570 1186 ad
604 1145 822 1187 Christum
854 1159 960 1186 con-

151 1201 324 1243 uertisse
374 1203 574 1244 traditur.
654 1203 786 1244 Vnde
840 1203 959 1244 Iero-

153 1258 370 1313 solymam
422 1260 614 1302 reuersus
664 1261 722 1302 ab
776 1261 958 1302 Herode

151 1316 305 1372 gladio
331 1318 565 1372 percussus,
588 1319 757 1373 primus
786 1319 958 1373 aposto-

152 1374 296 1416 lorum
347 1377 560 1431 martyrio
611 1383 847 1418 coronatus
898 1376 959 1418 est

152 1438 313 1474 octauo
353 1434 561 1475 calendas
597 1434 767 1488 Aprilis
804 1450 812 1476 ε
855 1434 957 1477 licet

153 1490 310 1532 festum
358 1491 452 1533 eius
501 1492 746 1534 celebretur
795 1498 957 1534 octauo

151 1547 360 1591 calendas
395 1549 598 1603 Augusti,
636 1564 725 1604 quo
757 1551 830 1592 die
863 1565 957 1592 cor-

152 1619 236 1660 pus
256 1607 350 1648 eius
371 1608 633 1650 translatum
657 1609 742 1650 esse
769 1609 958 1650 traditur

153 1663 511 1719 compostellam.
597 1666 685 1720 Qui
737 1667 845 1708 dum
899 1667 956 1708 ad

153 1721 412 1777 supplicium
458 1724 703 1774 duceretur,
754 1725 955 1766 oblatum

152 1780 446 1835 paralyticum
490 1782 533 1823 in
567 1783 638 1824 via
669 1782 851 1832 sanauit,
884 1797 957 1824 eo-

152 1851 239 1892 que
299 1838 511 1881 miraculo
565 1840 736 1891 Iosiam,
787 1841 862 1895 qui
915 1841 957 1883 se

150 1893 349 1938 vinEtum
380 1898 437 1938 ad
473 1898 702 1939 Herodem
725 1898 961 1949 traxerat¹‚

152 1955 382 2051 canuertit,
404 1961 448 1997 et
470 1956 668 2011 martyrij
693 1957 956 2011 participem

152 2024 176 2052 e
212 2011 307 2054 ecit.

152 2116 198 2163 (Ι
230 2112 369 2155 Anna
409 2119 550 2155 mater
580 2113 773 2168 virginti?
807 2114 962 2169 duplex

210 2171 369 2213 minus.
432 2171 517 2212 Ad
542 2172 819 2214 matutinum.
881 2174 958 2215 In-

210 2228 499 2272 uitatorium¹.

212 2297 469 2339 Laudemus
510 2298 644 2339 deum
687 2298 880 2341 nostrum
913 2300 956 2341 in

152 2355 415 2397 confessione
435 2356 580 2397 beatae
602 2355 763 2398 Annae.

217 2457 426 2512 Hymnus
457 2457 522 2500 ad
549 2458 816 2501 matutinum
848 2467 890 2501 et

453 2516 655 2569 vesperas.

258 2583 370 2626 Vius
422 2584 608 2626 obtentu
671 2585 781 2627 deus
840 2586 956 2628 alme

288 2641 443 2683 nostris
495 2642 630 2684 Parce
681 2643 767 2684 iam
815 2644 955 2698 culpis

154 2698 268 2740 vicia
311 2699 552 2750 remittens,
593 2700 696 2754 Quo
737 2701 817 2742 tibi
859 2701 956 2755 puri

155 2755 405 2798 resonemus
426 2756 592 2799 almum
617 2756 810 2800 Pec‘toris
829 2758 956 2814 hym-

157 2826 362 2913 nugiioria
395 2871 520 2926 patri,
550 2873 802 2929 genitaequc
835 2874 958 2929 proli,

344 3002 353 3023 ¹
382 3010 516 3039 tracrat
540 3017 547 3040 :
570 3006 605 3039 Ρ.

830 3005 844 3027 ²
869 3005 929 3042 <lie
949 3005 993 3041 26
1010 3006 1051 3041 in
1069 3017 1115 3041 m.

1754 192 1831 234 143

1026 275 1086 316 Et
1107 274 1188 316 tibi
1215 287 1398 329 compar
1421 273 1643 328 Vtriusque
1666 273 1835 328 semper

1027 333 1220 387 Spiritus
1260 332 1378 374 alme
1417 332 1527 374 deus
1557 345 1670 373 vnus
1711 332 1833 373 omni

1025 391 1249 446 Tempore
1271 390 1382 432 secli.
1441 389 1604 431 Amen.

1277 492 1424 534 Leaio
1446 491 1587 534 tertia.

1026 562 1197 646 ANna
1249 561 1432 615 virginis
1486 561 1557 603 dei
1608 560 1833 615 genitricis

1139 625 1282 661 mater
1315 619 1464 662 Gaziri
1496 619 1588 660 filia
1624 633 1683 660 ex
1715 619 1832 661 tribu

1027 679 1141 720 Iuda
1177 679 1221 720 in
1257 677 1520 719 Bethlehem
1554 677 1722 731 oppido
1760 678 1834 719 Iu-

1026 737 1138 778 daeae
1161 742 1278 786 nata,
1298 735 1495 777 Ioachini
1519 734 1601 776 fuit
1616 749 1740 784 vxor,
1756 736 1832 790 qui

1026 801 1072 836 et
1093 794 1183 848 ipse
1205 808 1264 835 ex
1294 794 1452 835 eadem
1482 793 1597 835 tribu
1621 793 1833 835 Galilaeus

1026 859 1121 894 erat
1142 866 1202 893 ex
1220 851 1460 902 Nazareth,
1474 851 1609 893 ambo
1626 849 1684 892 ex
1702 851 1832 906 stirpe

1026 911 1147 963 regia
1173 908 1513 963 sanstorumque
1542 915 1734 963 patrum,
1755 910 1831 964 ipsi

1026 966 1163 1010 sanc'ti
1208 974 1344 1022 atque
1396 967 1503 1018 iusti,
1545 973 1595 1009 vt
1645 967 1833 1009 decebat

1026 1032 1234 1080 parentes
1284 1025 1454 1067 futuros
1495 1025 1689 1079 virginis,
1731 1040 1832 1080 quae

1028 1083 1248 1126 Christum
1271 1090 1365 1125 erat
1382 1084 1678 1138 progenitura.
1741 1084 1830 1126 Sed

1026 1155 1282 1196 quanquam
1316 1142 1360 1183 in
1394 1141 1610 1183 charitate
1641 1141 1832 1183 maritali

1026 1197 1282 1241 sanctissime
1313 1200 1537 1253 degerent,
1570 1199 1645 1241 diu
1679 1205 1831 1241 tamen

1026 1258 1292 1312 optatiffima
1309 1258 1431 1312 prole
1445 1263 1690 1299 caruerunt.
1738 1258 1831 1299 Do-

1026 1329 1108 1357 nec
1129 1315 1225 1370 post
1246 1329 1414 1357 annum
1436 1315 1704 1370 vigessrnum,
1727 1329 1832 1357 con-

1025 1380 1156 1428 ceptu
1171 1380 1216 1415 et
1230 1380 1328 1415 ortu
1345 1373 1634 1415 sacratiffimae
1650 1374 1832 1428 virginis

1027 1431 1184 1472 Mariae
1206 1431 1446 1472 feliciffimo
1475 1431 1713 1473 sterilitatis
1739 1446 1832 1473 ma-

1024 1489 1124 1531 cula
1155 1489 1314 1540 deleta,
1337 1495 1568 1543 compotes
1599 1487 1704 1531 faffi
1735 1490 1832 1532 sunt

1025 1547 1258 1601 longissimi
1310 1547 1541 1601 desyderij.
1619 1548 1832 1602 Migrauit

1025 1612 1176 1647 autem
1199 1606 1256 1647 ad
1287 1606 1519 1647 dominum
1542 1605 1729 1660 septimo
1760 1620 1831 1648 ca-

1024 1663 1178 1705 lendas
1241 1663 1445 1716 Augusti,
1494 1664 1618 1704 cuius
1673 1677 1832 1718 corpus

1025 1722 1255 1763 conditum
1291 1721 1351 1762 est
1393 1722 1437 1762 in
1480 1721 1743 1764 Bethlehem
1787 1723 1831 1764 in

1025 1786 1210 1834 paterna
1232 1779 1463 1834 sepultura.

1348 1882 1514 1925 Oratio.

1033 1951 1223 2034 DEuS‚
1240 1951 1314 2005 qui
1332 1952 1477 1993 beatae
1492 1951 1642 1993 Annae
1659 1957 1830 1995 tantam

1147 2010 1337 2063 gratiam
1353 2010 1519 2051 donare
1532 2010 1740 2063 dignatus
1758 2024 1829 2053 es:

1026 2072 1075 2108 vt
1095 2066 1386 2108 beatissimam
1416 2073 1603 2108 matrem
1629 2073 1754 2109 tuam
1786 2069 1830 2110 in

1025 2123 1216 2178 glorioso
1229 2131 1354 2166 vtero
1370 2131 1547 2178 portare
1564 2132 1805 2167 mereretur
1823 2143 1832 2169 :

1026 2183 1084 2224 da
1125 2182 1254 2223 nobis
1286 2182 1548 2236 quaesumus,
1586 2197 1665 2237 per
1698 2183 1831 2225 inter-

1026 2239 1255 2281 cessionem
1303 2241 1458 2281 matris
1499 2247 1544 2282 et
1585 2240 1699 2292 filiae,
1739 2247 1830 2284 tuae

1027 2297 1354 2352 propitiationis
1388 2298 1709 2339 abundantiam
1743 2315 1752 2341 z
1782 2307 1831 2342 vt

1029 2368 1214 2408 quarum
1258 2355 1516 2397 memoriam
1563 2356 1638 2410 pio
1679 2370 1831 2399 amore

1026 2411 1364 2467 complectimur
1396 2429 1404 2454 ε
1434 2427 1585 2455 earum
1612 2415 1832 2468 praecibus

1025 2470 1082 2511 ad
1105 2470 1323 2512 coelestem
1345 2471 1578 2512 Ierusalem
1600 2473 1831 2526 peruenire

1024 2528 1253 2570 valeamus
1276 2545 1284 2570 :
1306 2529 1380 2583 qui
1402 2529 1514 2571 viuis
1536 2535 1591 2571 et.

1041 2623 1086 2670 (1
1119 2620 1308 2663 ΜανίΙια
1352 2621 1494 2676 Virgo.
1554 2622 1700 2665 Lcc‘Zio
1730 2623 1826 2679 ‚iis-³.

1036 2700 1131 2784 M
1143 2700 1291 2743 Artha
1311 2701 1466 2744 Christi
1484 2702 1656 2758 hospita
1674 2704 1830 2748 Mariae

1172 2765 1216 2800 et
1235 2759 1392 2800 Lazari
1411 2759 1538 2810 soror,
1557 2761 1651 2815 post
1671 2763 1828 2806 Christi

1025 2815 1246 2858 ascensum
1269 2817 1325 2858 ad
1348 2824 1520 2871 patrem
1543 2832 1570 2860 a
1593 2819 1757 2862 Iudaeis
1783 2822 1828 2863 in

1026 2874 1325 2928 persecutione
1356 2874 1688 2919 christianorum
1726 2892 1828 2922 cum

1323 3006 1335 3027 ³
1361 3007 1420 3043 die
1441 3017 1492 3053 29.
1513 3009 1554 3043 in
1573 3021 1619 3045 m.
