2066 3392
270 200 291 234 ‘1
303 203 357 245 30

271 282 374 325 tulit
414 281 569 336 nequis
610 279 820 333 deinceps
860 276 1073 332 supplicio

1018 200 1092 232 MA
1098 199 1191 232 IUS.

1144 275 1261 317 beati
1293 274 1473 316 Ioannis
1504 272 1687 328 apostoli
1721 271 1786 314 tui
1815 271 1947 313 inter·
2015 300 2017 302 »

273 340 413 382 crucis
449 340 709 382 afficeretur.
773 338 844 378 Ita
874 349 943 377 res
974 347 1074 389 quae
1144 334 1269 375 ceffio
1290 332 1480 388 gloriosa
1507 346 1589 374 nos
1610 335 1817 386 protegat
1840 341 1949 384 :per

274 405 407 441 antea
438 397 699 440 mortalibus
735 395 897 450 probro
933 393 1076 434 suerat

274 456 549 499 venerationi
570 455 653 497 esse
676 453 824 508 coepit.

354 572 400 618 (I
422 567 680 611 Alexander
687 573 806 620 papa
826 570 1008 618 martyr.

522 626 667 668 Leflio
689 622 849 666 tertia¹.

280 712 583 797 Naexander
604 710 748 765 patria
765 721 986 757 romanus,
1005 705 1080 760 qui

389 769 559 812 adriani
583 767 860 822 imperatoris
882 772 1082 818 tempore

281 829 591 884 pontificatum
607 827 740 879 gesslt,
759 825 802 865 in
821 823 1081 865 memoriam

283 887 487 942 passionis
518 884 675 927 Christi
705 884 749 924 in
776 881 982 923 sacrificio
1005 880 1083 921 ad-

284 945 408 986 didit.
473 943 561 997 Qui
590 942 731 996 pridie
753 953 887 994 quam
911 945 1082 993 patere-

284 1010 367 1054 tur,
387 1002 520 1056 Vsque
542 1001 598 1042 ad
621 1000 746 1040 illum
768 999 926 1039 locum.
981 997 1083 1037 Hoc

284 1061 346 1102 est
382 1073 541 1114 corpus
574 1071 734 1099 meum.
797 1056 923 1097 Idem
968 1053 1084 1095 insti-

285 1119 384 1168 tuit,
406 1125 453 1160 vt
474 1131 590 1171 aqua
618 1112 853 1157 benedieta
878 1112 1084 1154 admixto

287 1177 373 1218 sale
410 1177 453 1216 in
487 1174 667 1228 templis
703 1179 747 1214 et
781 1171 992 1213 cubiculis
1027 1170 1083 1211 ad

287 1234 508 1288 fugandos
549 1233 777 1273 daemones
813 1231 1083 1270 retineretur.

287 1293 440 1346 thue
458 1292 501 1332 in
519 1290 846 1332 consecratione
863 1286 1085 1341 sanguinis

287 1357 331 1391 et
362 1350 557 1403 corporis
590 1347 748 1390 Christi
784 1346 938 1387 vinum
970 1358 1085 1398 aqua

289 1408 552 1457 misceretur,
625 1406 681 1446 ad
752 1403 1084 1458 fignificandam

289 1465 446 1507 Christi
461 1464 700 1506 etecclefiae
717 1459 1088 1503 coniunGtionem.

290 1523 505 1577 Panisque
534 1523 702 1563 azimus
731 1532 820 1561 non
850 1519 1088 1560 sermenta-

289 1588 362 1623 tus
392 1580 726 1622 consecraretur.
791 1578 904 1619 Cum
937 1582 1087 1617 autem

289 1638 644 1680 ordinationibus
659 1643 724 1678 ter
738 1635 884 1676 mense
900 1635 1090 1675 Decem—

289 1698 355 1739 bri
386 1696 563 1744 habitis,
602 1695 883 1748 presbyteros
915 1706 966 1733 .v.
997 1692 1091 1732 dia-

289 1769 426 1796 conos
449 1754 517 1807 .iij.
541 1753 770 1807 episcopos
797 1751 992 1804 quinque
1013 1763 1092 1802 per

289 1812 461 1854 diuersa
503 1812 599 1852 loca
642 1810 835 1859 creasset,
877 1807 1091 1860 martyrio

289 1876 525 1911 coronatus
548 1881 649 1910 cum
668 1867 862 1908 Euentio
883 1872 928 1906 et
943 1866 1090 1906 Theo-

290 1930 401 1970 doro
435 1927 635 1969 diaconis
678 1926 750 1966 via
794 1925 1093 1973 Nomentana,

290 1987 365 2028 vbi
396 1982 654 2026 interfe&us
685 1983 766 2024 fuit
796 1982 880 2036 .vij.
909 1981 966 2022 ab
987 1981 1092 2022 vrbe

293 2042 518 2085 milliario2
579 2041 784 2096 sepelitur
843 2054 892 2081 .v.
954 2052 1094 2079 nonas

292 2102 415 2155 Maij.
478 2101 605 2143 Sedit
656 2105 805 2140 autem
855 2110 996 2138 annos
1038 2111 1093 2138 .Χ.

293 2160 463 2202 menses
485 2158 567 2212 .vij.
590 2157 684 2198 dies
707 2158 831 2198 duos.

293 2296 337 2342 ΙῙ
371 2293 553 2334 Ioannes
581 2298 679 2333 ante
699 2297 875 2344 portam
911 2289 1097 2331 latinam

350 2351 505 2404 duplex
523 2350 678 2391 minus.
739 2349 821 2389 Ad
842 2348 1031 2402 vesperas
1059 2353 1100 2388 et

351 2408 628 2450 matutinum.
690 2407 896 2459 Hymnus
944 2412 985 2446 et
1034 2404 1098 2445 ἱπ-

351 2466 610 2507 m‘tatorz'mn
650 2465 703 2506 de
737 2463 954 2505 communi
984 2462 1099 2516 apost

353 2524 546 2565 telorum.

617 2624 780 2666 Oratio.

302 2704 492 2788 DEus,
513 2704 602 2770 ‘qui
634 2703 859 2757 conspiciS,
885 2703 988 2757 quia
1020 2716 1101 2743 nos

416 2763 610 2815 vndique
628 2761 745 2802 mala
767 2761 911 2802 nostra
933 2767 1101 2814 pertur-

294 2819 427 2861 bant:
479 2819 634 2873 praesta
685 2819 934 2873 quaesumus
992 2834 1000 2860 :
1056 2824 1102 2859 vt

369 2954 378 2975 ¹
406 2954 466 2988 die
484 2963 527 2996 .4.
547 2954 587 2988 in
607 2965 656 2988 m.

369 3001 381 3022 ²
408 3001 566 3035 millario
589 3013 595 3035 :
618 3002 655 3034 1¹.

1145 397 1225 433 etc.

1376 479 1524 522 Lemo
1554 477 1683 521 tertia
1688 475 1712 519 ⁸.

1155 561 1383 644 IOannes
1405 558 1625 614 apostolus
1653 554 1950 599 diletfflsfimus

1233 618 1415 667 Christo,
1445 616 1541 671 post
1582 615 1712 670 ipfius
1747 613 1953 656 ascenfio-

1150 690 1252 718 nem
1286 676 1486 717 maximo
1516 674 1671 722 studio,
1695 671 1952 726 magnisque

1151 734 1372 776 miraculis
1413 732 1693 774 christianam
1738 731 1950 784 pietatem

1151 791 1426 847 propagauit.
1528 790 1674 831 Huius
1729 788 1848 829 enim
1909 793 1955 829 et

1154 851 1270 892 Petri
1292 847 1607 903 praedicatione
1628 845 1724 900 post
1744 845 1953 887 claudum

1153 909 1352 949 sanatum
1367 907 1423 947 ad
1438 912 1612 960 portam
1630 903 1785 958 templi
1804 903 1956 958 Speci-

1152 966 1272 1007 osam
1294 963 1577 1019 appellatam,
1600 963 1796 1017 quinque
1817 961 1955 1002 millia

1152 1024 1383 1066 hominum
1412 1036 1499 1064 vno
1528 1022 1599 1062 die
1629 1018 1837 1061 conuersa
1859 1019 1956 1060 sunt

1153 1083 1211 1123 ad
1253 1081 1399 1123 fidem.
1462 1076 1699 1132 Idemque⁴
1730 1078 1820 1119 duo
1860 1076 1957 1131 post

1155 1139 1371 1193 Stephani
1413 1137 1673 1191 martyrium
1715 1136 1759 1176 in
1801 1134 1958 1177 Sama-

1154 1199 1275 1247 riam,
1311 1210 1411 1250 quae
1446 1195 1651 1249 Philippo
1686 1193 1958 1248 praedicante

1154 1255 1423 1310 baptismum
1467 1257 1708 1307 acceperat,
1748 1264 1958 1305 peruene-

1154 1320 1267 1364 runt,
1300 1312 1576 1365 eandemque
1608 1311 1651 1351 in
1685 1309 1772 1351 fide
1802 1308 1959 1350 confir-

1156 1377 1343 1421 marunt,
1381 1377 1425 1411 et
1460 1383 1539 1424 per
1574 1368 1764 1422 ipsorum
1801 1380 1958 1408 manus

1155 1429 1477 1483 impositionem
1508 1427 1698 1481 Spiritus
1720 1422 1892 1466 sancitus
1914 1424 1959 1465 in

1155 1488 1483 1542 baptizatorum
1541 1485 1674 1526 corda
1724 1482 1960 1524 descendit.

1158 1547 1211 1587 In
1253 1545 1463 1586 diuifione
1499 1549 1648 1583 autem
1682 1541 1799 1582 orbis
1832 1547 1960 1581 terrae

1159 1603 1317 1644 Ioanni
1367 1602 1529 1654 obtigit
1573 1599 1678 1641 Afia
1718 1598 1959 1653 prouincia.

1159 1662 1295 1704 Cuius
1343 1659 1541 1701 ecclefias
1593 1671 1693 1698 cum
1739 1655 1960 1709 sapientis-

1157 1719 1261 1760 fime
1302 1717 1328 1759 a
1369 1717 1410 1758 se
1450 1717 1658 1758 fundatas
1705 1712 1961 1755 sanctissime

1158 1778 1472 1823 moderaretur,
1494 1780 1650 1827 captus
1676 1772 1758 1814 suit
1789 1772 1833 1812 in
1865 1784 1961 1825 per-

1160 1835 1380 1876 secutione
1442 1831 1689 1873 Domitiani
1752 1830 1796 1870 in
1856 1829 1962 1870 vrbe

1161 1892 1347 1947 Epheso.
1406 1890 1540 1932 Vnde
1574 1889 1766 1929 Romam
1798 1887 1962 1928 adduc-

1159 1958 1231 1993 tus
1253 1963 1353 1991 cum
1377 1963 1403 1990 a
1426 1948 1581 1991 Christi
1604 1946 1690 1987 fide
1711 1945 1850 1986 auerti
1873 1957 1961 1985 non

1160 2009 1312 2064 posset,
1345 2008 1388 2048 in
1421 2007 1579 2048 eadem
1610 2004 1716 2045 vrbe
1748 2016 1872 2044 roma
1898 2001 1964 2056 (vt

1162 2066 1464 2108 Tertullianus
1497 2063 1558 2104 est
1594 2061 1770 2116 author)
1807 2061 1850 2101 in
1885 2061 1964 2102 do-

1161 2125 1269 2166 lium
1291 2122 1500 2165 feruentis
1528 2121 1612 2162 olei
1641 2118 1862 2161 demersus
1892 2117 1966 2160 est.

1165 2183 1254 2225 Sed
1276 2195 1376 2223 cum
1401 2179 1631 2221 incolumis
1649 2178 1751 2218 inde
1772 2175 1966 2218 euafisset

1163 2240 1383 2294 relegatus
1425 2238 1485 2279 est
1526 2238 1568 2278 in
1614 2235 1850 2277 Pathmum
1902 2234 1966 2274 in-

1164 2298 1313 2346 sulam,
1335 2296 1407 2338 vbi
1430 2293 1730 2349 Apocalipfim
1752 2291 1967 2345 conscrip-

1165 2357 1224 2398 sit.
1268 2354 1366 2396 Post
1385 2360 1571 2394 mortem
1589 2365 1692 2393 vero
1709 2348 1967 2398 Domitiani,

1166 2414 1288 2456 cuius
1306 2410 1404 2453 affita
1421 2411 1570 2452 omnia
1588 2410 1763 2450 fuerunt
1777 2407 1802 2449 a
1816 2407 1966 2448 senatu

1168 2470 1330 2520 rescisa,
1362 2468 1585 2523 Ephesum
1620 2465 1825 2515 reuersus,
1852 2465 1968 2506 Dru·

1167 2530 1331 2570 fianam
1354 2540 1529 2580 magnae
1551 2526 1594 2566 in
1626 2523 1845 2566 Christum
1877 2522 1967 2576 pie-

1167 2587 1271 2628 tatis
1313 2586 1543 2626 foeminam
1580 2582 1713 2637 paulo
1754 2587 1858 2622 ante
1892 2580 1968 2621 de-

1168 2642 1379 2692 sun&am,
1420 2639 1644 2696 spe&ante
1694 2637 1860 2694 populo
1910 2637 1968 2678 ad

1168 2703 1307 2744 vitam
1325 2700 1477 2742 diuina
1493 2712 1577 2752 ope
1594 2697 1829 2739 reuocauit.
1865 2694 1969 2749 Quo

1169 2758 1380 2802 miraculo
1417 2757 1545 2798 multi
1581 2756 1678 2797 sunt
1714 2755 1770 2796 ad
1812 2751 1968 2796 Christi

1170 2818 1303 2859 fidem
1327 2814 1532 2857 conuersi.

1240 2953 1253 2973 ³
1280 2953 1339 2987 die
1359 2951 1401 2987 ,6.
1422 2952 1463 2986 in
1483 2963 1528 2985 m.

1241 2999 1254 3020 ⁴
1283 2999 1476 3044 Iidemque
1500 3010 1506 3032 :
1528 2999 1565 3031 P.
