2066 3392
801 203 934 236 SEPT
927 202 1077 237 EMBE
1078 205 1122 237 R.

122 283 513 339 supplicationibus
527 283 785 338 propitiato,
799 294 927 323 exer-

121 343 259 384 citum
282 343 571 396 comparauit.
633 341 748 384 Cum
771 353 860 394 quo
882 340 927 380 in

122 400 290 442 hostem
321 397 558 454 profectus,
588 405 678 440 tres
720 397 927 440 Cosdroae

121 459 258 500 duces
298 471 399 500 cum
442 457 617 511 magnis
658 455 928 498 exercitibus

122 516 263 558 tribus
299 515 462 570 praelijs
498 515 648 556 diuina
683 528 769 567 ope
805 513 929 567 supe-

125 575 250 615 rauit.
315 574 399 614 His
422 579 571 614 autem
594 572 796 613 cladibus
819 570 929 612 frac-

123 639 196 674 tus
228 631 456 680 Cosdroas,
487 631 594 672 dum
632 629 783 683 sugam
815 628 930 670 vltra

125 689 294 744 Tigrim
331 695 470 743 parat,
505 688 755 730 Medarsem
791 686 929 727 filium

126 745 761 801 regniconsortemdeclarauit.
782 745 929 798 Quam

125 805 441 846 contumeliam
500 803 741 857 Syrochius
792 802 933 844 maior

127 870 234 904 natu
263 862 376 904 filius
406 876 494 903 non
523 862 678 910 serens,
700 861 814 915 patri
847 861 931 901 fra-

126 921 272 975 trique
304 934 471 969 necem,
503 933 638 974 quam
671 919 804 974 paulo
836 918 932 972 post

127 993 188 1020 ex
223 979 329 1032 fuga
371 976 570 1020 retractis
612 977 772 1026 intulit,
806 977 932 1017 moli-

129 1043 227 1079 tur:
249 1050 494 1091 pacemque
516 1042 561 1077 et
582 1041 818 1090 paternum
837 1048 932 1088 reg-

130 1107 235 1136 num
271 1096 481 1148 impetrat
514 1094 572 1135 ab
607 1092 800 1134 heraclio
836 1093 932 1146 qui-

129 1152 312 1194 busdam
359 1151 552 1206 acceptis
592 1151 932 1192 conditionibus.

130 1210 330 1264 Quarum
372 1224 424 1251 ea
469 1209 552 1251 suit
593 1209 636 1250 in
679 1209 845 1263 primis,
885 1214 933 1249 vt

129 1281 304 1309 crucem
355 1268 626 1309 dominicam
679 1267 931 1308 restitueret.

131 1325 233 1380 Qua
280 1325 376 1380 post
417 1339 557 1367 annos
598 1325 933 1379 quatuordecim

129 1397 264 1438 quam
281 1390 462 1425 venerat
485 1383 527 1424 in
551 1382 813 1437 potestatem
836 1382 935 1423 bar-

131 1442 338 1483 barorum
357 1447 547 1495 recepta,
564 1440 796 1482 Heraclius
817 1441 934 1481 Iero-

129 1499 345 1554 solymam
368 1500 610 1541 reuertitur.
644 1498 775 1540 Vnde
798 1498 934 1552 ipsam

130 1557 174 1599 in
211 1557 377 1599 solenni
411 1570 578 1612 pompa
618 1556 702 1597 suis
742 1555 936 1597 humeris

131 1616 188 1657 ad
227 1615 445 1658 Caluariae
487 1621 686 1656 montem
727 1614 934 1668 portauit.

132 1672 349 1715 Miraculo
371 1679 521 1714 autem
544 1673 700 1714 datum
725 1671 797 1721 est,
814 1671 935 1725 quod

131 1738 180 1774 vt
213 1737 307 1773 erat
340 1744 448 1772 auro
485 1737 528 1772 et
560 1730 749 1784 gemmis
780 1730 936 1779 cultus,

132 1789 176 1830 in
199 1789 365 1843 egressu
387 1788 505 1831 vrbis
528 1788 784 1842 aliquandiu
814 1787 935 1828 haesi-

131 1847 275 1889 tauit:
306 1847 575 1901 imaginatus
607 1846 647 1887 se
679 1846 804 1887 exitu
836 1859 935 1899 pro-

132 1905 284 1955 hiberi,
305 1905 446 1946 donec
469 1905 664 1945 monitus
685 1917 712 1945 a
734 1903 936 1944 zacharia

132 1962 337 2012 antistite,
369 1962 538 2004 videret
574 1975 630 2003 ne
666 1975 822 2016 parum
855 1961 937 2002 rite

133 2020 308 2070 faceret,
348 2020 468 2074 quod
521 2018 740 2062 Christum
793 2019 937 2060 imita-

133 2085 252 2120 retur
273 2077 316 2119 in
336 2077 515 2119 ferenda
532 2091 660 2118 cruce
678 2076 935 2130 triumphali

134 2137 280 2178 nitens
301 2135 434 2186 cultu,
456 2148 557 2176 cum
586 2133 659 2175 ille
689 2134 819 2175 nudis
850 2134 936 2174 cal-

133 2194 268 2241 cibus.
309 2200 443 2247 atque
493 2191 718 2233 humiliter
763 2191 938 2241 tulisset,

135 2258 307 2293 mutata
322 2250 437 2292 veste
460 2250 545 2291 sine
563 2249 726 2290 offensa
747 2249 938 2290 confecit

136 2309 352 2363 reliquum
375 2309 470 2349 vite.
516 2308 604 2349 Vbi
627 2305 749 2348 ver0¹
771 2307 827 2347 ad
850 2306 937 2348 cal-

136 2368 270 2408 uariae
292 2366 437 2407 locum
463 2365 524 2406 est
546 2370 741 2414 ventum,
763 2364 820 2405 ibi
843 2377 939 2405 cru-

135 2437 232 2465 cem
256 2423 417 2471 statuit,
438 2423 556 2464 vnde
577 2421 718 2463 suerat
749 2436 775 2462 a
805 2422 939 2463 Persis

138 2481 318 2523 sublata.
381 2480 684 2535 Quamobrem
727 2479 938 2521 statutum

137 2538 198 2580 est
219 2545 266 2580 vt
288 2539 426 2579 crucis
449 2537 668 2579 exaltatio
690 2551 838 2578 annua
861 2537 940 2578 ses-

138 2596 313 2638 tiuitate
335 2595 636 2637 celebraretur.
670 2594 939 2649 Quanquam

141 2653 290 2695 multis
321 2653 418 2707 alijs
451 2653 670 2694 miraculis
702 2653 857 2694 eadem
891 2652 940 2695 sit

138 2711 352 2753 exaltata.
424 2710 487 2752 Vt
537 2710 719 2764 quando
770 2710 938 2764 signum

139 2769 232 2811 eius
275 2769 316 2810 in
359 2767 474 2810 coelo
515 2782 573 2809 ex
615 2768 733 2809 claro
775 2767 941 2809 lumine

139 2823 402 2875 consectum,
448 2825 699 2867 dcclInante
750 2825 793 2867 in
846 2825 941 2880 post

211 2970 221 2993 ¹
249 2981 336 3005 vero
359 2981 452 3006 :0m.
476 2971 513 3005 P.

210 3017 224 3040 ²
248 3017 308 3054 die
332 3018 439 3063 15.ae'1t
458 3030 505 3052 m.

1727 202 1801 246 155

998 283 1293 325 meridianum
1309 282 1408 334 sole,
1421 283 1558 325 visum
1574 284 1635 325 est
1650 298 1675 325 a
1690 285 1807 327 Con-

998 340 1190 382 stantino
1219 347 1263 382 et
1292 341 1386 382 eius
1415 342 1626 392 exercitu,
1648 342 1732 383 hoc
1761 356 1811 383 a-

998 398 1158 453 scripto
1183 398 1406 448 versiculo,
1438 398 1728 440 Constantine
1761 401 1802 440 in

997 456 1083 498 hoc
1122 457 1260 499 vince.
1322 456 1425 511 Qua
1464 457 1626 498 visione
1676 457 1805 498 laetus

999 514 1329 565 Constantinus,
1361 514 1530 556 vexilla
1561 515 1635 556 sua
1666 515 1807 569 figura

998 572 1138 614 crucis
1175 572 1408 626 insigniuit.
1473 571 1699 614 Profectus
1731 574 1807 614 de-

1000 631 1103 671 inde
1120 631 1176 672 ad
1200 630 1401 685 praelium
1425 630 1583 685 plenus
1606 630 1691 685 spe,
1708 630 1806 671 sub-

999 688 1106 730 stitit
1127 689 1184 730 ad
1215 695 1399 743 pontem
1432 689 1651 737 Miluium,
1674 689 1807 729 Max-

1001 748 1171 787 entium
1222 745 1481 800 expec'tans.
1557 746 1647 801 Qui
1698 746 1806 788 vrbe

1002 804 1161 855 Roma,
1203 818 1338 858 quam
1381 804 1574 854 tenebat,
1616 805 1807 859 egressus

1000 876 1101 903 cum
1130 870 1313 916 pontem
1341 877 1399 904 ex
1431 862 1648 904 nauiculis
1679 869 1807 916 apta-

1001 927 1108 970 tum,
1126 935 1215 974 quo
1237 920 1450 974 Tyberim
1474 920 1563 974 ipse
1585 921 1806 970 iunxerat,

1001 978 1200 1020 transiret
1242 993 1250 1019 ε
1292 992 1346 1019 eo
1387 979 1632 1020 subsidente
1673 984 1807 1032 atque

1002 1034 1194 1085 disiecto,
1219 1036 1464 1077 submersus
1487 1036 1547 1078 est
1569 1049 1671 1077 cum
1695 1036 1806 1077 mul-

1001 1094 1058 1136 tis
1089 1095 1271 1136 armatis
1298 1110 1306 1136 :
1332 1095 1697 1148 incruentamque
1718 1094 1807 1135 vic-

1002 1153 1163 1194 toriam
1196 1152 1396 1207 religioso
1425 1151 1680 1207 imperatori
1710 1152 1806 1194 reli-

1002 1210 1109 1264 quit.

1003 1306 1048 1351 (I
1091 1301 1314 1346 Cornelius
1338 1310 1456 1357 papa
1490 1309 1533 1344 et
1569 1302 1811 1356 Cyprianus

1002 1361 1209 1415 episcopus
1229 1368 1451 1414 martyres.
1483 1361 1628 1403 Leaio
1650 1360 1809 1403 tertz‘a².

1008 1435 1294 1520 COrnelius
1308 1436 1452 1490 patria
1462 1436 1691 1478 Romanus
1700 1450 1810 1490 pon-

1114 1493 1330 1535 tificatum
1354 1495 1477 1549 gessit
1495 1501 1695 1548 tempore
1719 1495 1807 1536 De-

1004 1548 1057 1603 cij
1083 1552 1373 1607 imperatoris.
1408 1553 1495 1593 Hic
1512 1566 1612 1593 cum
1638 1552 1810 1594 Lucina

1006 1616 1210 1651 matrona
1261 1609 1523 1652 sanctissima
1574 1610 1807 1652 beatorum

1006 1666 1123 1710 Petri
1153 1674 1198 1710 et
1231 1668 1354 1709 Pauli
1386 1682 1571 1723 corpora
1602 1682 1629 1710 a
1660 1668 1810 1710 catha-

1006 1726 1177 1767 cumbis
1220 1742 1228 1768 ε
1269 1726 1343 1767 vbi
1395 1727 1541 1768 minus
1587 1732 1685 1768 tuta
1726 1727 1810 1767 esse

1006 1783 1282 1835 videbantur,
1304 1784 1419 1826 clam
1451 1784 1625 1826 extulit.
1688 1784 1811 1839 Quo-

1006 1854 1102 1884 rum
1139 1842 1323 1883 Paulum
1359 1842 1529 1883 Lucina
1560 1843 1605 1884 in
1641 1843 1811 1897 praedio

1006 1899 1082 1941 suo
1102 1900 1174 1942 via
1197 1900 1378 1942 Ostiensi
1402 1914 1489 1941 non
1513 1899 1644 1955 longe
1666 1914 1692 1941 a
1713 1900 1811 1941 loco

1006 1958 1079 1999 vbi
1114 1958 1256 1999 fuerat
1287 1958 1465 2007 occisus,
1497 1958 1675 1999 Petrum
1709 1973 1811 1999 vero

1008 2015 1239 2057 Cornelius
1271 2029 1359 2056 non
1392 2015 1524 2069 longe
1555 2029 1581 2057 a
1613 2016 1711 2057 loco
1736 2016 1810 2058 vbi

1008 2073 1149 2115 fuerat
1175 2073 1291 2114 cruci
1321 2073 1482 2114 affixus
1514 2073 1809 2128 reposuerunt.

1008 2131 1174 2172 Decius
1195 2137 1344 2172 autem
1368 2131 1548 2185 cognito
1564 2132 1684 2185 quod
1704 2132 1810 2174 Cor-

1007 2189 1148 2230 nelius
1182 2189 1346 2230 multos
1383 2189 1439 2229 ad
1478 2188 1610 2230 fidem
1653 2189 1811 2231 Christi

1008 2245 1354 2297 conuerterunt⁸,
1363 2246 1554 2288 Centum
1566 2247 1700 2288 cellas
1708 2261 1810 2289 eum

1009 2304 1119 2345 misit
1142 2305 1184 2345 in
1208 2305 1404 2346 exilium.
1448 2304 1537 2345 Vbi
1561 2305 1811 2359 Cyprianus

1008 2361 1351 2415 carthaginensis
1393 2362 1621 2416 episcopus
1670 2362 1809 2417 ipsum

1008 2434 1087 2474 per
1123 2420 1269 2461 literas
1303 2420 1553 2461 consolatus
1584 2420 1656 2461 est.
1719 2420 1808 2463 Sed

1008 2478 1092 2519 hoc
1121 2475 1345 2519 intellecto
1376 2478 1540 2519 Decius
1570 2478 1809 2520 missionem

1008 2542 1052 2577 et
1070 2536 1356 2577 remissionem
1375 2536 1597 2576 literarum
1618 2536 1811 2590 maligne

1009 2594 1323 2648 interpretatus
1381 2593 1635 2636 Cornelium
1688 2608 1812 2636 reuo-

1009 2651 1138 2700 cauit,
1153 2651 1270 2705 quasi
1291 2665 1411 2692 reum
1432 2651 1542 2692 laesae
1562 2651 1810 2694 maiestatis.

1012 2709 1248 2763 Ipsumque
1271 2709 1513 2763 plumbatis
1535 2709 1644 2759 cedi,
1665 2723 1716 2751 ac
1737 2711 1812 2751 dc-

1010 2767 1112 2809 inde
1128 2767 1185 2807 ad
1210 2767 1367 2808 Martis
1383 2767 1687 2808 simulachrum
1707 2768 1813 2809 ado-

1011 2824 1198 2867 randum
1221 2825 1322 2866 duci
1354 2825 1485 2867 iubet.
1548 2825 1681 2879 Quod
1710 2839 1812 2868 cum

1082 2967 1095 2989 ³
1121 2972 1354 3004 conuerteret
1376 2979 1382 3002 :
1405 2967 1446 3002 R.
1470 2968 1505 3002 1³.
1528 2967 1570 3003 Α.
