2066 3392
605 194 862 228 DOMINJCA
895 194 1056 227 PRIMA
1087 194 1120 226 A
1126 193 1277 227 DUEN
1279 193 1312 226 T
1313 194 1380 228 US.

156 278 416 330 protegente
455 272 564 327 eripi
607 286 618 315 ς
659 278 704 315 te
744 272 960 314 liberante

157 333 311 374 saluari
343 348 353 374 ε
387 331 477 386 Qui
507 329 651 373 viuis¹.
706 330 762 372 R.
796 330 959 371 Amen.

159 390 324 432 Deinde
330 389 456 444 fiunt
470 387 884 430 commemorationes
892 387 961 441 Je-

157 455 327 502 quentes
359 446 480 489 modo
515 444 821 500 infrafirzjoto'.
891 445 961 486 De

158 506 278 548 beata
316 505 497 560 virgine.
558 504 653 547 Sub
689 511 816 546 tuum
849 517 960 558 prae-

158 563 312 605 fidium
363 562 643 617 confugimus
693 560 843 604 saneta
888 561 960 603 dei

157 621 351 675 genitrix
385 636 394 663 :
428 621 594 662 nostras
625 619 960 674 deprecationes

160 693 215 721 ne
230 679 442 734 despicias
459 679 502 720 in
520 677 844 720 necessitatibus
858 691 867 720 :
881 677 959 719 sed

158 735 186 778 a
226 736 428 792 periculis
474 734 642 778 cunfitis
693 736 830 777 libera
879 748 961 776 nos

160 794 329 850 semper
358 795 483 850 virgo
515 793 714 849 gloriosa,
747 799 792 835 et
828 793 962 835 bene-

158 850 293 895 dicta.
355 852 403 896 V.
445 852 537 895 Ora
558 866 638 906 pro
661 851 789 893 nobis
811 850 962 892 san&a

159 910 232 952 dei
261 911 466 966 genitrix,
525 911 581 952 R.
630 909 692 952 Vt
717 910 840 963 digni
869 908 961 951 effi-

158 969 326 1010 ciamur
344 968 696 1023 promissionibus
717 967 873 1010 christi.

159 1026 360 1070 Oremus.
423 1026 586 1069 Oratio.

235 1099 418 1143 Oncede
467 1112 549 1142 nos
602 1098 794 1142 famulos
847 1106 963 1151 tuos,

259 1158 508 1212 quaesumus
529 1158 710 1200 domine
726 1158 848 1208 deus,
864 1171 962 1211 per-

158 1222 294 1270 petua
316 1217 476 1258 mentis
498 1223 542 1258 et
563 1216 758 1270 corporis
776 1215 961 1257 sanitate

157 1275 362 1328 gaudere,
375 1281 419 1316 et
435 1274 622 1328 gloriosa
644 1275 788 1315 beatae
810 1274 960 1315 mariae

159 1331 328 1386 semper
366 1332 547 1387 virginis
593 1332 891 1373 intercessione
934 1330 961 1373 a

159 1389 359 1444 praesenti
381 1390 553 1432 liberari
570 1389 755 1441 tristitia,
769 1395 814 1430 et
834 1396 960 1431 aeter-

161 1461 218 1489 na
242 1447 404 1502 perfrui
430 1449 584 1490 laetitia
615 1464 623 1490 :
650 1461 728 1502 per
752 1447 958 1489 christum

158 1504 422 1548 dominum⁸.
462 1507 518 1548 R.
553 1505 716 1547 Amen.
757 1505 826 1547 De
863 1513 959 1559 apo-

149 1562 284 1617 stolis,
303 1569 346 1605 et
362 1564 558 1606 omnibus
566 1563 747 1617 fandis.
804 1562 958 1606 Saneti

159 1621 230 1662 dei
251 1635 405 1663 omnes
427 1621 697 1664 intercedere
714 1621 958 1676 dignemini

160 1692 240 1732 pro
284 1679 426 1721 nostra
473 1680 762 1733 omniumque
810 1679 958 1722 salute.

171 1735 216 1779 V.
267 1737 504 1779 Laetamini
526 1738 569 1779 in
592 1738 786 1787 domino,
808 1743 852 1778 et
881 1751 959 1779 ex-

158 1794 297 1836 ultate
312 1795 420 1837 iusti.
455 1795 509 1838 R.
529 1796 589 1837 Et
602 1795 851 1850 gloriamini
867 1808 960 1837 om-

160 1865 237 1894 nes
251 1850 510 1895 recticorde.
554 1853 756 1896 Oremus.
796 1853 961 1896 Oratio.

252 1926 401 1968 Xaudi
459 1941 540 1969 nos
597 1927 706 1969 deus
764 1927 962 1969 salutaris

279 1985 422 2026 noster
445 1998 455 2027 ε
475 1992 520 2027 et
541 1985 836 2040 apostolorum
866 1992 963 2027 tuo-

162 2054 258 2083 rum
292 2043 417 2096 petri‚
449 2049 494 2084 et
529 2043 661 2097 pauli,
694 2049 740 2084 et
775 2043 961 2084 aliorum

161 2099 455 2153 apostolorum
479 2114 558 2141 nos
577 2107 700 2142 tuere
723 2100 933 2155 praefidijs
953 2114 963 2143 :

162 2171 348 2210 quorum
370 2157 540 2200 donasti
567 2157 719 2199 fideles
746 2158 830 2200 esse
858 2159 962 2200 doc-

164 2214 299 2257 trinis.

167 2292 405 2377 OMnes·
427 2292 561 2335 sancti
603 2293 679 2342 tui,
701 2293 964 2360 ‘quaesum-us

285 2351 475 2401 domine,
516 2365 597 2392 nos
637 2352 800 2405 vbique
839 2352 964 2393 adiu-

164 2414 271 2449 uent
299 2423 308 2449 ε
336 2414 382 2450 vt
410 2409 517 2450 dum
548 2421 699 2450 eorum
723 2410 878 2451 merita
901 2424 965 2451 re-

164 2465 349 2507 colimus
381 2481 389 2507 :
420 2467 664 2520 patrocinia
686 2466 924 2508 sentiamus
954 2483 963 2508 :

165 2530 209 2564 et
241 2536 395 2577 pacem
426 2530 550 2566 tuam
583 2524 738 2565 nostris
771 2525 965 2566 concede

165 2588 254 2622 tem
290 2582 437 2622 oribus
472 2595 481 2624 z
514 2587 559 2624 et
591 2582 649 2623 ab
681 2582 858 2624 ecclesia
889 2587 966 2624 tua

164 2652 247 2680 cun
325 2651 367 2680 m
391 2639 551 2694 repelle
569 2640 812 2694 nequitiam
837 2656 845 2682 :
870 2641 963 2690 iter,

236 2762 248 2786 ¹
274 2768 309 2798 et
333 2774 467 2808 regnas
488 2774 574 2800 cum
599 2765 670 2801 deo
696 2772 801 2812 patre
827 2766 863 2801 in
886 2765 964 2801 vni-

166 2815 242 2845 tate
275 2810 420 2856 spiritus
448 2811 563 2847 saneti
599 2813 703 2847 Deus
739 2824 804 2859 per
837 2816 965 2849 omnia

166 2857 285 2893 secula
303 2857 505 2893 seculorum
529 2871 536 2895 ε
559 2860 601 2895 R.
623 2860 660 2894 P.
680 2861 724 2896 A.

234 2903 249 2926 ²
274 2903 367 2939 infra
385 2904 487 2940 dieto
511 2918 519 2941 :
537 2907 581 2941 A.

235 2950 251 2973 ³
274 2951 435 2987 nostrum
457 2964 465 2988 :
485 2953 568 2987 add.
592 2954 633 2988 R.
656 2954 693 2989 1‘.
715 2954 757 2989 A.

236 2996 250 3019 ⁴
276 2998 460 3035 Christum
496 3000 632 3036 Filium
674 3009 778 3037 tuum
813 3002 874 3048 qui
913 3008 963 3038 tc-

1781 189 1834 231 23

1026 268 1164 320 astus,
1200 277 1246 313 et
1280 271 1535 313 voluntates
1575 270 1755 321 nostraS,
1791 276 1837 312 et

1026 329 1228 370 omnium
1264 328 1532 370 famulorum
1569 334 1746 370 tuorum
1789 329 1833 369 in

1028 386 1178 427 salutis
1199 392 1288 428 tuae
1311 386 1599 440 prosperitate
1620 386 1803 440 dispone
1825 400 1834 427 ε

1028 442 1383 486 benefa&oribus
1401 444 1556 485 nostris
1570 443 1835 498 sempiterna

1027 501 1145 544 bona
1167 502 1359 543 retribue
1388 517 1396 543 :
1425 508 1470 544 et
1495 502 1703 543 omnibus
1726 501 1834 543 fide-

1027 559 1141 601 libus
1162 557 1382 602 desunc'tis
1404 561 1602 614 requiem
1619 565 1832 601 aeternam

1028 618 1232 660 concede.
1282 619 1364 659 Per
1385 618 1617 660 dominum
1640 616 1833 658 nostrum

1027 674 1196 719 iesum⁴.
1268 676 1325 718 R.
1376 675 1540 718 Amen.
1607 675 1838 718 Praedifloe

1025 734 1438 776 commemorationes
1467 733 1676 789 proedz'flo
1711 733 1835 774 modo

1025 791 1233 834 dicuntur
1248 792 1313 833 ad
1328 791 1477 834 laudes
1495 797 1538 834 et
1560 791 1625 833 ad
1644 791 1836 846 vesperas

1018 850 1116 904 post
1130 849 1365 892 orationem
1386 850 1475 892 diei
1492 856 1577 904 per
1598 856 1733 891 totum
1753 862 1835 890 an-

1027 922 1133 949 num
1151 923 1166 950 .·
1177 915 1470 962 proeterquam
1492 908 1538 950 in
1549 907 1679 963 sestzk
1693 907 1835 961 dupli-

1025 965 1144 1007 cibus
1164 966 1412 1013 maioribus,
1431 972 1474 1008 et
1493 966 1538 1008 in
1561 965 1708 1008 triduo
1734 971 1836 1007 ante

1016 1023 1190 1078 pascha.
1269 1024 1326 1065 In
1364 1024 1564 1078 sabbatis
1601 1030 1745 1065 autem
1787 1023 1834 1065 in

1025 1081 1180 1135 quibus
1198 1082 1352 1136 agitur
1368 1081 1419 1123 de
1440 1082 1560 1124 beata
1585 1081 1759 1136 virgine
1771 1081 1838 1136 fit

1027 1146 1199 1181 tantum
1213 1140 1553 1182 commemoratio
1565 1140 1617 1181 de
1630 1139 1835 1195 apostolis,

1027 1204 1069 1239 et
1079 1197 1449 1251 omnibussanft'is
1455 1197 1655 1239 videlicet.
1679 1196 1834 1240 Sancti

1025 1256 1097 1297 dei
1156 1270 1313 1297 omnes
1322 1255 1346 1298 ⁵.
1437 1256 1604 1298 Deinde
1661 1256 1833 1298 dicitur.

1040 1313 1085 1356 V.
1105 1314 1429 1355 Benedicamus
1443 1315 1637 1356 domino.
1659 1314 1715 1356 R.
1733 1314 1835 1355 Deo

1027 1372 1204 1425 gratias.
1262 1371 1308 1414 V.
1341 1372 1379 1413 F
1381 1372 1561 1414 idelium
1579 1371 1740 1414 animae
1757 1385 1836 1426 per

1028 1430 1368 1471 misericordiam
1395 1431 1467 1472 dei
1494 1430 1768 1484 requiescant
1790 1430 1834 1471 in

1027 1501 1148 1542 pace.
1209 1488 1266 1531 R.
1325 1487 1488 1530 Amen.
1552 1488 1620 1530 Et
1645 1488 1714 1543 fic
1751 1494 1833 1530 ter·

1027 1545 1269 1588 minentur⁶
1289 1560 1432 1587 omnes
1450 1545 1573 1589 lzorce.

1183 1638 1228 1685 (I
1251 1635 1336 1677 Ad
1342 1634 1552 1691 primam.
1627 1634 1674 1679 V.

1036 1716 1217 1799 DEus
1260 1717 1304 1758 in
1349 1717 1619 1759 adiutorium
1663 1716 1836 1760 meum⁷

1149 1782 1219 1817 etc·
1282 1821 1500 1874 Hymnus.

1037 1890 1175 1973 IAm
1217 1890 1326 1932 lucis
1360 1897 1459 1932 orto
1495 1890 1648 1956 sydere
1686 1891 1835 1957 Deum

1112 1962 1342 2003 precemur
1366 1948 1601 2002 supplices,
1622 1954 1669 1990 vt
1698 1963 1741 1990 in
1771 1950 1836 1990 di-

1029 2007 1147 2072 urnis
1169 2004 1341 2048 aRibus
1363 2020 1446 2048 nos
1465 2006 1605 2048 seruet
1626 2005 1653 2048 a
1674 2020 1836 2049 nocen-

1030 2066 1311 2175 tlbssiiguam
1334 2121 1558 2163 refrenans
1580 2127 1799 2176 temperet
1824 2137 1834 2164 z

1031 2193 1087 2221 ne
1133 2180 1220 2220 litis
1261 2179 1415 2220 horror
1455 2179 1636 2222 insonet.
1696 2180 1834 2222 visum

1031 2237 1224 2278 fouendo
1253 2243 1462 2291 contegat
1494 2251 1505 2279 ι
1539 2251 1594 2279 ne
1613 2238 1836 2280 vanitates

1031 2294 1216 2336 hauriat.

1092 2353 1194 2395 Sint
1215 2366 1325 2406 pura
1353 2352 1498 2394 cordis
1527 2352 1684 2394 intima
1717 2368 1726 2395 ε
1758 2354 1836 2395 ab·

1033 2409 1146 2451 sistat
1182 2417 1227 2451 et
1260 2410 1477 2453 vecordia.
1537 2412 1682 2452 carnis
1722 2417 1837 2454 terat

1033 2468 1278 2534 superbiam
1327 2474 1471 2523 potus,
1512 2469 1688 2523 cibique
1737 2484 1838 2524 par-

1031 2533 1154 2626 eltesst·
1173 2596 1274 2625 cum
1297 2584 1391 2625 dies
1419 2583 1664 2626 abscesserit
1695 2600 1704 2626 ε
1733 2598 1838 2627 noc-

1032 2647 1212 2696 temque
1250 2642 1337 2683 sors
1374 2643 1601 2684 reduxerit
1638 2659 1646 2684 :
1682 2644 1837 2685 mundi

1036 2777 1122 2801 cum
1148 2765 1239 2802 viuit
1265 2772 1301 2801 et
1331 2772 1461 2811 regnat
1488 2766 1526 2802 in
1551 2767 1695 2804 vnitate
1722 2769 1838 2814 Spiri-

1034 2820 1094 2849 tus
1125 2813 1246 2848 sanc‘li
1283 2815 1399 2848 Deus.
1453 2816 1522 2849 Per
1554 2816 1680 2850 onmia
1716 2815 1838 2852 secula

1034 2860 1261 2896 seculorum:
1292 2862 1333 2895 R.
1357 2862 1394 2895 Ρ.
1414 2861 1458 2896 Α.

1103 2907 1118 2928 ⁶
1142 2915 1211 2944 etc.
1240 2908 1408 2953 vtsupra
1432 2920 1439 2942 :
1458 2909 1542 2943 add.
1565 2909 1607 2943 R.
1626 2910 1665 2944 P.
1680 2910 1724 2945 A.

1103 2954 1118 2976 ⁶
1141 2954 1390 2990 terminantur
1415 2967 1421 2990 :
1442 2956 1484 2989 R.
1509 2956 1544 2989 P.
1564 2957 1608 2991 A.

1103 3002 1115 3024 ⁷
1143 3002 1319 3038 intende:
1339 3003 1423 3037 add.
1448 3003 1485 3037 l'.
1510 3004 1553 3038 A.
