2066 3392
0 2207 12 2288 *vv—:1⁴12
0 2074 11 2175 avalun.

910 179 1097 213 mmm.
1764 171 1779 201 1
1790 170 1844 214 39

165 274 269 303 vero
297 259 460 302 Paulus
487 257 514 300 a
543 257 697 313 Papho
719 255 869 300 iunCto
891 256 967 298 fibi

168 318 374 360 Barnaba
391 317 626 371 multisque
641 317 822 358 vrbibus
843 329 970 370 pera-

167 377 316 430 gratis,
329 389 430 418 cum
447 374 762 429 Ierosolymam
776 373 971 423 venisset,

169 435 335 484 Petrus,
373 433 658 487 1acobusque,
694 438 739 473 et
779 432 969 473 Ioannes

168 492 368 533 videntes
398 491 588 546 gratiam
621 490 702 539 dei,
732 503 832 544 quae
863 490 971 531 data

169 555 264 592 erat
294 549 345 599 ei,
373 550 556 592 dextras
588 548 806 589 societatis
836 547 970 588 dede-

169 613 271 649 runt
300 607 376 662 ipsi
406 613 450 649 et
476 606 707 656 Barnabae,
727 611 775 647 vt
795 605 840 646 hi
862 618 970 659 gen-

169 665 302 715 tibus,
333 665 411 719 ipsi
441 678 546 707 vero
583 662 828 705 circuncifis
859 677 971 717 prae-

169 724 370 766 dicarent
440 721 732 775 euangelium.
837 721 971 763 Vnde

169 781 382 836 digressus
432 780 664 835 postquam
715 780 970 820 innumeros

169 838 342 880 labores
370 838 581 887 hausisset,
602 837 830 891 multaque
858 837 972 891 peri-

170 897 270 938 cula
299 896 506 946 euasisset,
536 909 614 950 per
642 896 785 937 varias
818 894 971 936 mundi

170 955 325 1009 plagas
348 953 640 997 Christianum
658 953 823 1007 dogma
841 952 972 1005 longe

171 1013 348 1066 lateque
408 1012 712 1066 propagando,
767 1024 885 1052 anno
946 1009 973 1051 a

170 1070 315 1112 christi
344 1071 535 1125 pastione
563 1067 756 1122 xxxvij.
784 1069 859 1122 qui
890 1067 973 1109 fuit

172 1129 341 1183 imperij
367 1128 556 1170 Neronis
577 1126 698 1180 xiiij.
720 1127 878 1168 eodem
901 1126 973 1168 die

173 1200 263 1240 quo
286 1187 440 1228 Petrus
463 1199 598 1226 romae
617 1185 828 1238 martyrio
850 1198 973 1225 coro-

173 1251 303 1286 natus
344 1243 404 1285 est
447 1259 455 1285 :
497 1242 775 1297 sepultusque
816 1242 860 1283 in
901 1242 974 1283 via

173 1302 368 1351 Ostiensi,
389 1301 462 1343 vbi
485 1301 635 1355 postea
656 1300 738 1342 suit
767 1299 827 1340 illi
851 1313 976 1353 mag-

174 1360 352 1402 nificum
457 1358 675 1412 templum
766 1355 976 1399 erastum.

173 1417 352 1472 Scripsit
368 1423 519 1459 autern
537 1415 630 1459 ‚ix.²
651 1416 708 1458 ad
731 1415 812 1470 ‚vij.
837 1415 976 1457 eccle-

174 1476 253 1517 fias
274 1475 489 1530 epistolas.
552 1475 770 1516 Praeterea
800 1474 857 1515 ad
889 1473 974 1515 dis-

173 1533 344 1588 cipulos
367 1533 464 1574 suos
486 1532 785 1578 Timotheum.
804 1532 974 1578 Titum,

173 1598 218 1634 et
240 1591 543 1633 Philemonem
567 1589 651 1643 .iiij.
675 1590 731 1631 ad
757 1589 977 1631 Hebraeos

172 1662 318 1691 vnam.
378 1661 532 1690 omnes
596 1647 719 1689 simul
790 1660 977 1689 numero

225 1707 281 1716 ...ι

488 1811 653 1856 Oratio,

177 1888 362 1972 DEus,
394 1887 470 1942 qui
507 1886 838 1929 multitudinem
871 1900 977 1940 gen-

295 1947 407 1988 tium
447 1946 566 1987 beati
617 1945 741 1986 Pauli
792 1944 979 1999 apostoli

176 2004 494 2059 praedicatione
522 2002 705 2044 docuisti
730 2016 739 2044 ε
766 2003 824 2044 da
853 2002 980 2043 nobis

175 2061 424 2117 quaesumus
463 2075 473 2103 ε
515 2066 563 2102 vt
603 2060 725 2101 cuius
776 2060 978 2101 natalitia

177 2120 362 2161 colimus
387 2132 396 2160 :
418 2119 510 2160 eius
532 2119 650 2172 apud
669 2124 713 2159 te
734 2118 979 2172 patrocinia

178 2177 414 2219 sentiamus
437 2191 445 2217 :
467 2190 556 2230 per.

317 2266 358 2308 A
365 2267 400 2308 d
415 2265 606 2319 vesperas
625 2265 842 2319 Hymnus.

273 2341 414 2386 Οξὶοι·
448 2341 624 2397 egregie
662 2341 797 2382 Paule
834 2354 978 2382 mores

303 2400 462 2442 instrue
498 2415 507 2441 :
544 2399 603 2440 Et
640 2406 789 2440 mente
825 2398 977 2452 polum

179 2473 261 2501 nos
310 2457 540 2500 transferre
582 2457 730 2510 satage
771 2471 780 2498 :
823 2456 979 2498 Donec

179 2514 423 2571 perfeetum
441 2515 652 2568 largiatur
668 2514 842 2569 plenius
861 2514 981 2555 Eua-

178 2581 310 2616 cuato
331 2573 448 2628 quod
471 2586 530 2614 ex
553 2578 678 2626 parte
698 2572 903 2626 gerimus.

238 2632 308 2676 Sit
329 2630 515 2673 trinitati
534 2630 797 2684 sempiterna
809 2628 951 2684 gloria
968 2643 978 2672 ε

248 2801 261 2825 ¹
286 2813 310 2837 x
336 2813 343 2837 :
367 2801 410 2836 R.
433 2800 474 2835 in
499 2804 603 2836 textu
625 2813 638 2836 .·
658 2800 698 2835 in
724 2798 853 2836 tabula
874 2811 977 2835 erra-

176 2854 302 2886 torum
318 2851 443 2883 autem
461 2858 474 2882 :
491 2848 537 2882 ix.

249 2897 263 2919 ²
287 2907 333 2930 xv
354 2907 361 2930 :
386 2895 429 2929 R.
450 2894 491 2929 in
516 2897 618 2930 textu
635 2906 648 2930 .·
666 2894 706 2929 in
730 2893 857 2929 tabula
877 2905 978 2929 erra—

177 2949 302 2980 torum
318 2945 443 2977 autem
460 2952 474 2976 .·
491 2941 578 2986 xiiij.

248 2991 262 3013 ³
285 2996 373 3025 tunc
398 3000 405 3024 :
426 2989 463 3023 P.
479 2989 522 3023 A.

1040 256 1213 308 Honor,
1236 255 1442 311 potestas,
1476 261 1613 310 atque
1641 255 1845 297 iubilatio

1039 314 1093 356 In
1124 315 1296 356 vnitate
1324 314 1393 355 cui
1426 320 1578 355 manet
1608 314 1843 367 imperium

1039 373 1114 414 Ex
1156 370 1296 414 nunc³
1325 378 1370 413 et
1402 373 1538 414 modo
1569 385 1648 426 per
1677 376 1846 412 aeterna

1039 429 1194 474 secula.
1254 429 1418 472 Amen.

1357 544 1513 586 Julius.

1038 619 1084 666 ΕΙ
1137 616 1335 670 Vz'sz‘tatio
1375 616 1531 658 Marie
1562 615 1754 671 virginer
1787 615 1852 656 ad

1088 674 1320 788 ξείίζιὲὐεῑᾶ
1337 674 1494 729 duplex
1512 675 1658 716 maius
1676 674 1742 716 ad
1758 675 1846 729 ves-

1328 806 1546 860 Hymnus.

1098 876 1202 919 Aue
1224 877 1356 918 maris
1379 875 1538 919 stella⁴.

1364 961 1528 1004 Oratio.

1046 1029 1396 1117 OMnipotens
1428 1031 1691 1085 sempiterne
1726 1031 1848 1082 deus,

1155 1089 1230 1143 qui
1253 1103 1311 1130 ex
1329 1089 1604 1131 abundantia
1620 1089 1847 1131 charitatis

1042 1147 1220 1188 beatam
1244 1147 1434 1188 Mariam
1457 1153 1536 1188 tuo
1557 1147 1649 1188 filio
1678 1147 1847 1189 foecun-

1042 1206 1196 1246 datam
1215 1205 1271 1246 ad
1289 1205 1597 1246 salutationem
1622 1205 1849 1247 Elisabeth

1043 1262 1253 1316 inspirasti
1279 1276 1287 1304 :
1310 1263 1466 1317 praesta
1495 1263 1746 1317 quaesumus
1771 1277 1780 1306 :
1801 1269 1850 1305 vt

1044 1335 1122 1375 per
1150 1321 1243 1362 eius
1271 1321 1564 1362 visitationem
1599 1322 1729 1363 donis
1760 1335 1850 1363 coe-

1045 1378 1222 1420 lestibus
1242 1378 1492 1433 repleamur
1508 1385 1552 1420 et
1569 1379 1626 1420 ab
1643 1379 1851 1421 omnibus

1045 1436 1382 1478 aduerfitatibus
1442 1450 1648 1478 eruamur
1708 1453 1717 1480 ε
1774 1451 1854 1492 per

1044 1495 1249 1538 eundem.

1046 1598 1091 1644 (Ι
1117 1594 1201 1637 Ad
1213 1594 1491 1636 matutinum.
1509 1594 1773 1637 z'nuz'tatoriu
1779 1610 1821 1637 m
1829 1594 1854 1638 ⁶.

1104 1665 1411 1707 Vifitationem
1459 1665 1642 1719 virginis
1695 1666 1851 1708 Mariae

1049 1724 1322 1767 celebremus
1341 1738 1349 1764 z
1368 1722 1587 1765 Christum
1606 1723 1699 1765 eius
1713 1723 1852 1766 filium

1047 1783 1283 1824 adoremus
1305 1782 1549 1824 dominum.

1338 1872 1556 1926 Hymnus.

1108 1947 1149 1990 O
1171 1945 1358 2001 gloriosa
1380 1944 1596 1989 domina⁶.

1067 2053 1215 2095 Lec‘lio
1236 2052 1365 2093 tertia
1385 2066 1437 2094 ex
1454 2052 1589 2107 capite
1605 2053 1646 2107 j.
1667 2053 1827 2096 Lucoe’.

1057 2123 1349 2206 EXurgens
1401 2128 1551 2163 autem
1604 2122 1750 2164 Maria
1806 2123 1850 2165 in

1159 2180 1316 2221 diebus
1338 2178 1422 2220 illis
1444 2179 1555 2233 abijt
1574 2179 1616 2221 in
1639 2186 1854 2223 montana

1049 2251 1151 2280 cum
1180 2237 1728 2291 festinatione...quoniam
1755 2253 1854 2293 per-

1049 2296 1251 2337 ficientur
1272 2308 1324 2337 ea
1345 2308 1445 2350 quae
1462 2293 1582 2337 dieta
1604 2295 1702 2338 sunt
1723 2297 1803 2339 tibi
1826 2311 1852 2338 a

1049 2353 1243 2395 domino.

1077 2446 1121 2492 (I
1146 2443 1260 2486 Pius
1270 2450 1388 2498 papa
1407 2444 1619 2520 <ngfifflr-
1678 2444 1824 2487 Lec‘lio

1395 2516 1440 2544 ,ιι
1483 2535 1491 2544 .

1054 2570 1405 2654 PIusnatione
1421 2516 1553 2612 itlalus
1567 2571 1711 2626 patria
1728 2572 1853 2627 aqui-

1170 2627 1338 2670 lelensls
1380 2635 1645 2684 imperatore
1698 2630 1852 2672 Marco

1117 2798 1130 2821 ⁴
1155 2805 1224 2835 etc.
1243 2799 1328 2835 add.
1349 2800 1393 2835 R.
1438 2806 1507 2836 etc.
1526 2799 1587 2836 sol.
1605 2800 1673 2836 vlt.
1690 2800 1773 2837 add.
1790 2800 1834 2838 A.

1117 2845 1131 2867 ⁶
1156 2845 1217 2882 die
1240 2856 1287 2882 .2.
1306 2847 1346 2882 in
1365 2858 1414 2881 m.

1117 2893 1134 2962 3
1157 2893 1421 2986 {xgglfiii3add
1439 2895 1477 2930 P.
1511 2900 1550 2931 vt
1564 2894 1671 2941 supra
1687 2905 1694 2930 ε
1709 2895 1793 2930 add.
1807 2895 1851 2931 Α.

1120 2986 1133 3008 ¹³
1159 2987 1219 3022 die
1242 2997 1297 3023 11.
1317 2989 1356 3022 ae'n
1375 2999 1423 3023 m.
