2066 3392
815 195 948 228 SEPT
941 195 977 227 E
978 195 1089 228 MBE
1091 196 1131 228 R.

131 272 448 316 Thebanorum
478 272 626 329 legio¹,
650 288 750 328 quae
771 287 798 316 a
819 273 936 316 The-

130 330 197 372 bis
225 331 434 385 aegyptijs
463 332 587 374 missa
615 332 757 374 fuerat
786 346 812 374 a
839 332 938 373 reli-

129 401 218 442 quo
240 390 419 442 agmine
441 407 449 431 :
470 403 526 431 ne
548 390 696 444 impijs
719 389 937 444 sacrificijs

130 446 363 496 interesset,
395 447 589 490 disceffit.
663 448 766 503 Quo
797 448 938 489 anim-

128 504 312 545 aduerso
350 505 658 547 Maximianus
694 506 935 547 denuncia-

129 567 226 603 tum
247 563 309 603 eis
332 564 481 613 mittit,
503 569 551 604 vt
574 564 601 604 si
625 563 665 605 se
687 564 828 605 saluos
851 563 935 604 esse

128 619 279 669 velint,
301 621 502 674 protinus
525 622 569 662 in
591 621 730 663 castra
752 622 935 663 redeant

128 677 185 718 ad
219 677 436 720 sacrificia.
499 679 570 720 Illi
600 679 641 720 se
664 679 933 722 Christianos

128 735 213 776 esse
245 735 519 790 respondent,
542 743 587 778 et
618 751 644 779 a
675 738 839 779 talibus
871 737 934 778 sa-

129 792 305 846 crificijs
334 795 560 848 religione,
581 809 607 836 a
636 809 723 849 qua
751 795 934 836 minime

128 850 204 891 fibi
227 851 331 892 esset
352 852 679 903 discedendum,
697 853 932 907 prohiberi.

127 909 313 962 proinde
335 911 502 963 precari
525 912 850 964 imperatorem,
866 925 933 960 ne,

127 968 248 1020 quod
271 967 370 1021 ipsis
396 968 518 1009 nefas
544 969 661 1018 esset,
683 970 930 1023 imperaret.

127 1024 256 1066 Tunc
274 1026 575 1067 maximianus
590 1028 802 1068 maiorem
821 1028 931 1068 iram

128 1083 244 1132 odio,
267 1083 423 1138 quem²
444 1085 488 1125 in
517 1085 786 1127 Christianos
808 1099 931 1139 gere-

127 1140 217 1190 bat,
254 1141 527 1195 suggerente,
559 1143 812 1192 Thebanos,
853 1143 927 1197 qui

127 1211 312 1240 numero
337 1206 463 1242 erant
491 1202 547 1242 ad
578 1201 653 1242 sex
676 1201 814 1242 millia
835 1201 931 1242 sex-

126 1257 243 1298 centi
273 1257 504 1312 sexaginta
532 1258 618 1307 sex,
642 1259 830 1300 immisso
852 1273 931 1300 ex-

125 1315 263 1356 ercitu
294 1329 453 1370 poenas
479 1317 584 1358 dare
613 1317 734 1358 iubet
755 1317 931 1358 decimo

125 1385 304 1427 quoque
318 1374 548 1416 trucidato.
581 1374 729 1428 Quam
748 1389 929 1429 poenam

126 1430 257 1472 semel
283 1437 327 1472 et
350 1431 508 1473 iterum
531 1432 751 1474 christiani
776 1433 930 1482 subire,

125 1494 171 1529 et
223 1489 404 1543 quidem
447 1490 638 1532 libenter
678 1490 931 1532 maluerunt

124 1544 305 1588 au&ore
347 1548 569 1598 Mauritio‚
610 1563 743 1603 quam
792 1549 929 1603 impia

122 1603 340 1658 imperata
355 1605 506 1648 faeere.
543 1606 766 1648 Postremo
781 1606 930 1648 Maxi-

123 1663 274 1704 miano
296 1677 384 1705 non
408 1663 574 1706 ferente
596 1665 928 1706 christianorum

123 1720 427 1771 constantiam,
465 1722 649 1764 vniuerfi
691 1737 717 1764 a
758 1723 928 1777 reliquo

123 1779 321 1821 exercitu
345 1780 460 1821 illius
482 1780 667 1835 imperio
689 1781 929 1822 concidun-

121 1841 203 1879 tur.
265 1837 324 1878 Et
365 1838 419 1879 sic
460 1837 777 1880 Thebanorum
811 1839 928 1892 legio

123 1895 181 1936 ad
223 1894 444 1937 coelestem
486 1896 691 1938 militiam
743 1897 927 1937 commi-

121 1953 268 2006 grauit
288 1953 464 1995 decimo
480 1954 691 1996 calendas
706 1953 926 1997 Oetobris.

447 2063 610 2106 Oratio.

123 2136 320 2220 ANnue
351 2137 601 2192 quaesumus
643 2138 928 2192 omnipotens

239 2195 365 2245 deus,
392 2202 439 2237 vt
477 2194 724 2237 sanetorum
763 2203 927 2250 marty-

123 2266 219 2294 rum
242 2259 417 2294 tuorum
438 2253 632 2307 Mauritij
653 2260 695 2295 et
715 2253 925 2295 sociorum

123 2311 229 2361 cius,
246 2325 327 2352 nos
349 2310 543 2352 laetificet
566 2311 719 2352 festina
742 2311 928 2353 solenni-

123 2374 193 2410 tas
233 2382 243 2410 :
276 2375 321 2410 et
356 2382 543 2422 quorum
582 2369 795 2422 suffragijs
827 2370 927 2411 niti-

124 2439 246 2467 mur:
262 2439 414 2468 eorum
433 2426 648 2480 natalitijs
664 2427 928 2482 gloriemur:

123 2497 214 2538 per.

124 2593 170 2639 {1
188 2590 333 2633 Linus
335 2598 451 2646 papa
468 2598 644 2645 marzyr.
667 2592 813 2634 Lec‘lio
826 2591 927 2647 dist.

133 2666 286 2751 Enus
313 2681 439 2733 ‘papa
475 2669 656 2734 natione
690 2668 835 2710 tuscus
869 2669 926 2710 ab

243 2726 401 2766 vltimo
433 2726 621 2767 Neronis
652 2739 770 2767 anno
794 2726 927 2780 vsque

123 2784 180 2826 ad
203 2783 439 2838 vespasiani
466 2790 670 2838 tempora
696 2783 927 2838 pontifica-

192 2906 207 2976 ἓ
230 2906 413 2989 ῙεὲὲὲῃξτΡ
429 2908 467 2943 Ρ.

192 3001 206 3023 ³
231 2965 304 3037 {⁸253
323 2980 366 3046 ᾗ
386 2981 425 3036 it}
444 3013 490 3035 m.

1731 193 1810 237 157

1006 279 1102 316 tum
1134 274 1303 329 primus
1335 274 1430 329 post
1463 275 1641 316 Petrum
1674 276 1809 329 gessit,

1005 331 1215 374 hortante
1236 333 1293 374 ad
1316 333 1359 374 id
1382 332 1645 374 humilitatis
1666 334 1811 386 gratia

1007 389 1251 440 Clemente,
1285 391 1360 444 qui
1397 397 1581 445 quartus
1614 404 1641 431 a
1678 386 1810 432 Petro

1006 448 1184 502 praefuit
1205 447 1406 489 ecclefiae.
1450 448 1669 503 Quamuis
1691 449 1809 489 enim

1007 505 1096 560 ipse
1117 519 1143 547 a
1166 507 1297 547 Petro
1319 505 1395 548 fibi
1419 506 1630 547 successor
1646 503 1810 547 fuisset*¹

1001 563 1257 614 destinatus,
1295 578 1351 605 ne
1397 570 1548 605 tamen
1586 563 1810 605 videretur

1003 622 1234 663 ambitiose
1271 636 1412 676 agere,
1457 622 1573 663 Lino
1614 621 1806 675 primum

1003 680 1131 730 cessit,
1155 679 1318 721 deinde
1351 679 1491 721 Cleto.
1556 680 1695 720 Linus
1728 680 1807 733 igi-

1002 743 1074 778 tur
1094 751 1195 779 cum
1217 738 1289 779 dei
1307 737 1530 779 ecclesiam
1549 735 1808 779 sanGtisiime

1002 795 1316 846 moderaretur,
1333 795 1528 846 instituit,
1545 809 1690 850 nequa
1711 809 1807 836 mu-

1001 852 1079 894 lier
1114 853 1189 894 nis1
1225 854 1373 895 velato
1405 855 1551 907 capite
1586 848 1806 907 ternplum

1001 911 1312 965 ingrederetur.
1349 912 1566 966 Idemque
1581 925 1649 952 res
1661 911 1806 966 gestas

1001 969 1119 1010 beati
1151 970 1281 1018 Petri,
1305 969 1532 1023 presertim
1559 975 1714 1011 contra
1738 968 1806 1011 Si-

1001 1040 1180 1068 monem
1214 1041 1409 1081 magum,
1442 1027 1678 1082 diligenter
1707 1040 1806 1081 per-

999 1084 1173 1138 scripfit.
1233 1085 1382 1127 Tanta
1421 1091 1516 1126 erat
1556 1085 1686 1126 huius
1725 1085 1806 1126 viri

1000 1140 1206 1184 sanetis-is
1237 1149 1282 1185 et
1314 1142 1435 1192 fides,
1465 1149 1513 1185 vt
1545 1156 1634 1184 non
1666 1142 1804 1184 solum

1000 1201 1230 1242 daemones
1267 1200 1455 1255 fugaret,
1491 1201 1562 1242 sed
1605 1207 1806 1242 mortuos

999 1259 1134 1300 etiam
1167 1259 1211 1300 in
1242 1259 1380 1300 vitam
1413 1259 1652 1300 reduceret.
1714 1258 1804 1301 Sed

999 1315 1231 1357 hominum
1249 1317 1462 1367 caecitate,
1479 1316 1708 1371 cordisque
1725 1317 1806 1358 du-

999 1375 1111 1423 ritia,
1133 1373 1299 1416 sa6tum
1331 1374 1403 1424 est,
1424 1381 1472 1416 vt
1503 1389 1530 1415 a
1563 1375 1805 1417 Saturnino

1000 1432 1177 1474 consule
1203 1449 1211 1474 ε
1237 1434 1360 1474 cuius
1383 1432 1519 1474 filiam
1542 1446 1568 1473 a
1589 1433 1806 1474 daernoni-

998 1490 1080 1531 bus
1102 1491 1378 1540 liberauerat,
1391 1490 1571 1544 capitali
1593 1490 1807 1544 supplicio

999 1549 1058 1589 ob
1082 1549 1238 1590 Christi
1261 1548 1393 1589 fidem
1416 1548 1673 1590 afficeretur.
1726 1548 1806 1591 Se-

1000 1606 1151 1660 pultus
1173 1606 1234 1648 est
1256 1612 1406 1647 autem
1430 1607 1559 1647 iuxta
1580 1606 1700 1647 beati
1724 1606 1805 1647 Pe-

1000 1664 1055 1705 tri
1084 1678 1243 1719 corpus
1273 1665 1331 1706 ix.
1353 1664 1562 1706 calendas
1586 1661 1805 1714 Ofitobris,

998 1736 1100 1764 cum
1139 1723 1308 1764 sedisset
1349 1736 1490 1764 annos
1531 1722 1591 1775 xj.
1633 1722 1805 1764 menses

998 1780 1185 1835 ,iij-dies
1206 1780 1295 1834 .xij.

999 1890 1043 1936 CI
1067 1887 1105 1930 C
1100 1887 1239 1941 Osmas
1258 1894 1298 1929 ct
1313 1886 1565 1928 Damz‘anus
1582 1894 1803 1941 martyres.

1240 1945 1387 1987 Lec‘lio
1409 1945 1536 1987 tertia
1544 1944 1567 1986 ⁶.

1081 2031 1238 2073 Osmas
1278 2037 1322 2072 et
1365 2031 1614 2072 Damianus
1648 2030 1802 2073 fratres

1108 2090 1151 2130 in
1173 2088 1346 2143 Aegaea
1362 2088 1467 2130 vrbe
1489 2088 1671 2129 Arabiae
1694 2090 1800 2139 nati,

998 2160 1255 2201 quanquam
1285 2152 1412 2187 erant
1443 2152 1537 2187 arte
1569 2147 1801 2188 medicinae

998 2203 1119 2246 doffl
1150 2204 1290 2258 magis
1312 2211 1462 2245 tamen
1487 2203 1644 2246 Christi
1665 2205 1800 2246 virtu-

999 2270 1043 2304 te
1076 2262 1289 2303 sanabant
1320 2275 1477 2303 omnes
1510 2261 1800 2304 infirmitates.

998 2320 1130 2374 Quod
1149 2320 1332 2361 audiens
1349 2319 1499 2372 Lyfias
1517 2319 1674 2373 praeses
1692 2319 1801 2361 Dio-

997 2379 1188 2420 cletiano
1219 2384 1263 2418 et
1296 2377 1578 2418 Maximiano
1612 2377 1801 2431 impera-

996 2437 1178 2485 toribus,
1199 2435 1359 2477 adduci
1396 2449 1472 2476 eos
1503 2435 1559 2476 ad
1593 2434 1633 2476 se
1666 2435 1799 2477 iubet.

999 2495 1087 2549 Qui
1120 2507 1220 2535 cum
1253 2493 1310 2534 ab
1342 2507 1395 2534 eo
1427 2492 1685 2547 interrogati
1720 2507 1800 2535 no-

999 2553 1119 2594 mina
1141 2567 1149 2592 :
1172 2552 1431 2605 patriam,ct
1454 2550 1710 2604 religionem
1734 2551 1798 2592 in-

995 2607 1256 2652 cun6tanter
1286 2606 1612 2662 exposuissent⁰‚
1641 2621 1800 2652 manus

995 2667 1215 2723 pedesque
1264 2663 1411 2715 vinc‘ti,
1451 2666 1661 2720 quoniam
1714 2666 1800 2721 dijs

996 2725 1234 2768 sacrificare
1285 2724 1601 2774 recusauerant,
1642 2723 1798 2766 imma-

995 2784 1160 2825 niffime
1188 2788 1464 2837 torquentur,
1488 2781 1577 2824 Sed
1609 2795 1711 2823 cum
1735 2782 1798 2824 vi-

1064 2905 1077 2928 ⁴
1103 2905 1170 2941 suit
1194 2918 1201 2941 :
1221 2905 1259 2941 P.
1276 2905 1319 2940 A.

1063 2953 1077 2973 ⁶
1102 2953 1162 2988 die
1182 2961 1235 2995 27.
1254 2953 1296 2987 in
1314 2963 1360 2986 m.

1064 3000 1078 3021 ⁰
1103 2999 1315 3045 exposuisset
1337 3011 1343 3034 ε
1366 3000 1402 3034 P.
