2066 3392
883 213 944 246 OC
949 213 982 246 7·
979 212 1123 246 OBER.

168 295 214 342 (I
224 291 262 334 L
269 306 370 334 ucas
379 292 636 348 euangelzsta
646 291 803 347 duplex
813 305 885 333 ma
889 291 968 334 ius.

221 350 307 392 Ad
350 351 543 405 vesperas
591 357 635 392 et
686 349 966 391 matutinum.

222 409 428 461 Hymnus
476 410 518 450 el
565 407 872 450 z'nuz'tatorium
919 407 971 448 de

221 467 442 509 communi
466 466 756 522 apostolorum.

488 552 650 596 Oratio.

173 638 484 720 INterueniat
523 652 603 692 pro
639 638 768 680 nobis
801 636 971 693 quaesu-

246 710 345 738 mus
366 698 546 738 domine
568 695 739 738 sanetus
761 703 863 738 tuus
883 696 970 736 Lu-

165 768 240 795 cas
263 755 541 809 euangelista,
560 755 635 808 qui
658 755 797 796 crucis
820 754 970 795 morti-

167 811 420 854 ficationem
444 814 603 866 iugiter
624 814 667 854 in
691 813 766 854 suo
787 825 970 866 corpore

165 884 247 924 pro
269 871 332 911 tui
350 871 541 912 nominis
558 871 725 913 honore
741 870 937 926 portauit
960 883 970 912 ε

167 942 246 983 per
266 929 511 971 dominum.

434 1036 582 1079 Leffz'io
604 1035 704 1091 ,z'g‘j¹.

215 1112 335 1155 Vcas
354 1112 551 1153 medicus
568 1111 868 1160 antiochensis,
886 1110 971 1152 sec-

271 1176 389 1212 tator
407 1170 530 1212 Pauli
546 1170 638 1220 fuit,
655 1184 705 1211 ac
719 1171 864 1211 omnis
878 1169 972 1210 eius

169 1228 536 1283 peregrinationis
570 1242 730 1269 comes,
792 1227 972 1281 Scripsit

170 1286 466 1341 euangelium,
485 1286 540 1327 de
554 1299 643 1340 quo
661 1286 778 1327 idem
799 1286 972 1335 Paulus,

170 1344 368 1386 Misimus
386 1345 559 1398 (inquit)
576 1358 676 1385 cum
691 1344 766 1386 illo
782 1343 972 1395 fratrem,

170 1403 294 1446 cuius
327 1403 423 1444 laus
456 1402 516 1444 est
550 1403 593 1443 in
628 1402 859 1456 euangelio
896 1416 974 1457 per

170 1474 326 1502 omnes
354 1460 564 1502 ecclesias.
626 1460 766 1502 Aliud
796 1473 974 1515 quoque

170 1519 312 1560 edidit
342 1518 550 1560 volumen
585 1519 824 1572 egregium,
851 1518 972 1573 quod

169 1576 415 1632 inscribitur
428 1575 723 1631 apostolorum
738 1574 849 1618 acta.
887 1576 974 1618 Cu-

171 1635 238 1676 ius
274 1634 450 1676 historia
484 1634 616 1688 vsque
652 1634 708 1675 ad
745 1635 974 1676 biennium

173 1693 333 1734 Romae
365 1692 682 1734 commorantis
717 1692 840 1734 Pauli
878 1706 975 1747 per—

171 1751 306 1801 uenit,
328 1750 412 1792 hoc
438 1750 499 1792 est
520 1751 653 1806 vsque
681 1751 737 1792 ad
767 1757 974 1805 quartum

172 1809 364 1851 Neronis
385 1822 563 1851 annum.
625 1808 821 1863 Quidam
846 1809 976 1862 suspi-

171 1873 339 1916 cantur,
355 1867 700 1921 quotiescunque
718 1867 761 1908 in
784 1867 976 1921 epistolis

172 1925 257 1966 suis
280 1925 441 1966 Paulus
466 1924 604 1975 dicit²,
628 1926 757 1966 iuxta
785 1939 976 1979 euange-

172 1983 280 2024 lium
304 1996 464 2034 meum,
482 1983 617 2024 Lucae
640 1982 879 2036 significare
902 1997 977 2024 vo-

173 2040 336 2082 lumen.
396 2039 666 2095 Quanquam
706 2041 849 2082 Lucas
886 2054 976 2082 non

172 2097 310 2140 solum
328 2098 385 2139 ab
402 2098 600 2153 apostolo
618 2098 767 2149 Paulo,
783 2100 857 2153 qui
876 2111 977 2140 cum

174 2157 357 2198 domino
380 2156 423 2197 in
445 2170 576 2198 carne
598 2170 686 2197 non
710 2157 861 2206 suerat,
887 2157 976 2199 Sed

174 2228 201 2256 a
233 2214 403 2255 caeteris
436 2215 571 2255 etiam
605 2213 813 2267 apostolis
845 2227 980 2255 euan-

174 2271 340 2327 gelium
372 2272 578 2321 didicisse,
606 2272 695 2326 ipse
726 2285 903 2326 quoque
935 2273 977 2313 in

173 2329 412 2372 voluminis
441 2329 501 2370 sui
530 2330 746 2384 principio
772 2330 979 2380 declarat,

175 2388 340 2437 dicens,
371 2387 497 2429 Sicut
533 2388 808 2429 tradiderunt
840 2388 978 2437 nobis,

175 2446 251 2500 qui
282 2459 308 2486 a
340 2445 555 2500 principio
588 2445 662 2499 ipsi
694 2446 910 2496 viderunt,
936 2452 981 2487 et

177 2503 357 2545 ministri
381 2502 556 2545 fuerunt
577 2503 794 2544 sermonis.
839 2504 982 2557 Igitur

177 2561 456 2614 euangelium
474 2561 578 2602 sicut
593 2561 793 2602 audierat
809 2561 979 2615 scripsit.

178 2617 340 2661 Austa'
379 2632 483 2660 vero
523 2619 834 2673 apostolorum,
875 2619 981 2660 sicut

178 2677 361 2726 viderat,
382 2676 638 2731 composuit.
700 2677 830 2718 Vixit
860 2674 981 2718 ofto-

178 2736 304 2789 ginta
352 2741 564 2789 quattuor
610 2748 751 2775 annos
792 2748 980 2776 vxorem

178 2806 266 2835 non
290 2792 468 2834 habens.
531 2792 741 2847 Sepultus
773 2791 832 2834 est
865 2793 982 2836 Con-

251 2939 263 2963 ²
289 2939 350 2976 <lie
374 2940 414 2975 18
431 2941 473 2975 in
492 2951 538 2974 m.

250 2986 264 3009 ²
287 2987 379 3023 dixit
403 2998 411 3023 t
431 2988 469 3022 P.
490 2988 533 3022 A.

251 3034 266 3057 ⁸
290 3032 389 3071 Asta
410 3046 419 3071 ε
447 3034 496 3070 R.
516 3035 554 3069 P.
574 3034 618 3070 Α.

1766 198 1842 249 163

1039 287 1334 342 stantinopoli,
1356 287 1413 328 ad
1442 300 1578 340 quarn
1606 287 1759 328 vrbem
1782 288 1843 328 vi·

1038 347 1202 402 gesimo
1224 345 1469 397 Constantij
1493 358 1612 386 anno
1633 345 1723 386 ossa
1750 345 1844 386 eius

1039 418 1140 446 curn
1183 401 1381 457 reliquis⁴
1419 402 1618 444 Andreae
1659 402 1844 457 apostoli

1039 462 1255 505 translata
1277 462 1375 502 sunt
1396 474 1454 502 ex
1476 459 1663 503 Achaia.

1041 618 1086 663 ΕΙ
1111 614 1357 657 Ptolomeus
1376 619 1417 654 et
1435 613 1601 655 Lucius
1621 619 1845 667 martyres.

1278 671 1425 713 Lemo
1449 670 1609 713 tertia⁵.

1105 763 1846 806 LexandriaeMarcoAureliovero

1156 829 1200 864 et
1228 822 1463 864 Antonino
1490 823 1581 864 filio
1610 823 1848 876 imperato-

1043 881 1174 931 ribus,
1196 894 1296 922 cum
1319 881 1528 935 pudicam
1559 894 1611 921 ac
1640 879 1847 922 Christia-

1043 952 1147 980 nam
1169 953 1354 980 vxorem
1378 938 1567 980 infidelis
1587 944 1631 980 et
1648 936 1847 979 scelestus

1044 997 1240 1047 maritus,
1272 1010 1352 1038 nec
1385 1010 1411 1038 a
1443 996 1666 1051 proposito
1704 994 1847 1036 Chris-

1043 1055 1167 1096 tiano
1189 1055 1420 1105 deterrere,
1443 1068 1524 1096 nec
1547 1067 1667 1095 ream
1697 1066 1846 1095 coram

1043 1113 1187 1154 iudice
1215 1113 1477 1154 conuincere
1502 1112 1631 1166 posse,
1654 1110 1847 1152 confide-

1043 1177 1120 1220 ret,
1143 1171 1185 1211 in
1217 1169 1425 1211 exitium⁶
1454 1169 1685 1220 Ptolomei,
1714 1182 1847 1223 quern

1043 1228 1118 1270 illa
1147 1224 1403 1282 magistrum
1432 1227 1655 1282 religionis
1683 1226 1849 1268 habue-

1043 1293 1122 1336 rat,
1150 1286 1398 1335 conuersus,
1428 1285 1672 1328 centurioni
1704 1284 1848 1326 amico

1042 1344 1260 1398 persuasit,
1282 1350 1330 1386 vt
1351 1344 1476 1386 illum
1498 1358 1555 1386 an
1579 1343 1849 1386 Christianus

1044 1402 1148 1444 esset
1179 1409 1522 1456 percontaretur.
1583 1401 1630 1442 A
1660 1415 1750 1455 quo
1781 1415 1850 1442 ro-

1043 1467 1175 1514 gatus
1195 1460 1450 1502 Ptolomeus
1468 1460 1554 1502 fine
1568 1457 1850 1501 cun&atione

1047 1518 1341 1560 Christianum
1391 1518 1433 1560 se
1481 1518 1566 1559 esse
1612 1517 1849 1571 respondit.

1045 1575 1351 1630 Quamobrem
1367 1576 1411 1618 in
1425 1575 1600 1618 vincula
1614 1573 1851 1626 conieffims,

1046 1636 1211 1688 diuque
1243 1634 1428 1676 carceris
1459 1634 1539 1676 situ
1570 1639 1615 1675 et
1646 1633 1852 1687 squalore

1047 1689 1287 1742 confectus,
1309 1692 1366 1733 ad
1388 1691 1555 1746 Vrbicij
1589 1691 1745 1733 iudicis
1776 1692 1851 1732 tri-

1047 1751 1184 1792 bunal
1216 1750 1485 1804 producitur.
1547 1749 1637 1792 Vbi
1660 1749 1851 1791 christia-

1047 1822 1151 1850 nam
1203 1809 1415 1863 pietatem
1465 1808 1558 1863 pari
1606 1807 1853 1849 constantia

1047 1880 1147 1908 cum
1195 1866 1336 1908 multa
1385 1864 1542 1909 Christi
1594 1866 1852 1907 laudatione

1046 1924 1269 1978 professus,
1288 1924 1467 1978 capitali
1491 1924 1704 1965 sententia
1725 1924 1851 1965 dam·

1047 1989 1191 2024 natur.
1265 1982 1398 2023 Hanc
1440 1981 1658 2023 Ptolomei
1700 1982 1854 2035 praeci-

1047 2042 1186 2095 pitem
1218 2040 1552 2081 damnationem
1585 2039 1748 2081 Lucius
1776 2039 1852 2093 qui

1050 2098 1205 2140 aderat
1254 2098 1435 2151 indigne
1476 2097 1630 2146 serens,
1675 2097 1853 2138 liberius

1049 2156 1186 2210 coepit
1207 2156 1504 2197 temeritatem
1532 2154 1687 2196 iudicis
1716 2155 1854 2196 incre-

1050 2227 1168 2268 pare.
1241 2213 1287 2254 A
1327 2227 1416 2267 quo
1458 2214 1754 2267 interrogatus
1795 2227 1852 2254 an

1050 2271 1139 2326 ipse
1156 2284 1333 2325 quoque
1349 2270 1619 2312 Christianus
1633 2271 1737 2312 esset
1751 2284 1852 2313 cum

1052 2330 1095 2370 id
1128 2329 1259 2383 plane
1291 2329 1573 2377 asseuerasset,
1605 2328 1728 2370 simili
1762 2328 1854 2370 sen-

1051 2387 1191 2428 tentia
1214 2386 1462 2428 damnatur.
1526 2386 1653 2428 Tunc
1678 2385 1854 2436 Lucius,

1053 2445 1230 2487 Gratias
1258 2445 1443 2499 (inquit)
1471 2458 1556 2498 ago
1585 2445 1664 2485 tibi
1690 2444 1852 2494 Vrbici,

1053 2503 1172 2557 quod
1196 2516 1267 2543 me
1281 2516 1307 2543 a
1330 2502 1564 2543 saeuiffimis
1581 2502 1774 2544 dominis
1792 2503 1854 2543 af-

1052 2561 1165 2609 feris,
1189 2561 1247 2601 ad
1275 2560 1584 2614 optimumque
1612 2566 1783 2614 patrem
1810 2566 1855 2602 et

1052 2632 1200 2672 regern
1240 2618 1439 2659 omnium
1481 2618 1614 2659 deum
1657 2619 1856 2660 remittis,

1054 2676 1113 2717 Et
1135 2675 1189 2717 sic
1211 2689 1312 2718 curn
1337 2675 1568 2717 Ptolomeo
1599 2676 1762 2717 Lucius
1793 2676 1855 2716 in-

1052 2732 1261 2776 tersc&us
1340 2734 1552 2787 martyrio
1622 2741 1858 2775 coronatur

1053 2791 1173 2846 .xiiij.
1205 2791 1412 2833 calendas
1447 2791 1725 2833 Nouembris.

1125 2937 1139 2960 ⁴
1164 2937 1330 2984 reliquijs
1351 2948 1358 2973 :
1389 2937 1431 2972 R.
1455 2937 1493 2972 P.
1514 2937 1558 2972 A.

1126 2985 1140 3007 ⁶
1165 2985 1226 3020 die
1249 2995 1290 3030 19
1306 2986 1348 3020 in
1367 2996 1413 3019 m.

1124 3031 1139 3054 ⁰
1163 3032 1315 3068 exilium
1336 3044 1343 3067 :
1375 3032 1411 3067 P.
1431 3030 1476 3067 A.

1608 3105 1742 3136 11—2
