2066 3392
595 647 801 689 INDEX
853 646 1406 690 ANTIPHONARUM.

167 773 264 806 Haec
279 773 350 807 dies
365 784 465 816 quam
482 773 558 807 fecit
574 774 738 814 dominus,
760 782 801 818 59

165 817 220 850 Ne
236 817 466 855 reminiscaris,
484 828 525 859 42

164 861 265 894 Salve
279 861 392 904 regina
407 861 663 899 misericordiae,
681 871 720 902 25

1037 773 1151 807 Sancti
1168 773 1223 806 dei
1238 783 1365 810 omneS‚
1384 783 1424 814 23

1036 817 1107 850 Sub
1123 822 1217 849 tuum
1233 816 1447 860 praesidium,
1469 827 1486 848 2
1491 827 1509 858 3

648 1101 856 1142 INDEX
910 1099 1355 1143 CANTICORUM.

162 1233 288 1265 Audite
303 1233 387 1265 caeli
402 1243 487 1276 quae
503 1233 631 1276 loquor,
653 1233 690 1266 16

162 1276 355 1309 Benedicite
369 1277 482 1310 omnia
497 1287 608 1320 opera,
631 1288 647 1309 2

162 1319 362 1352 Benedictus
376 1320 531 1353 dominus
545 1321 627 1353 deus
643 1320 757 1356 Israel,
776 1331 792 1352 2

161 1363 344 1396 Cantemus
364 1364 518 1396 domino:
541 1364 686 1406 gloriose
705 1363 793 1396 enim
816 1363 967 1406 magnifi-

203 1411 296 1439 oetus
312 1411 372 1444 est,
393 1418 405 1439 1
416 1418 428 1439 1

161 1449 358 1483 Confitebor
371 1450 432 1482 tibi
448 1450 599 1490 domine,
615 1451 636 1484 6

161 1493 307 1526 Domine
322 1494 434 1527 audivi
449 1494 655 1527 auditionem
671 1498 774 1533 tuam,
799 1503 836 1535 13

419 1737 626 1779 INDEX

158 1870 215 1902 Ad
230 1880 369 1903 coenam
384 1869 461 1912 agni
477 1869 618 1912 providi,
637 1879 678 1912 59

159 1913 289 1946 Adesto
305 1914 429 1946 Sancta
445 1914 602 1952 Trinitas,
624 1922 660 1955 71

159 1957 308 1990 Aeterna
323 1957 448 1989 Christi
465 1967 601 1989 munera
615 1956 855 1999 apostolorum,
877 1958 936 1997 184

159 2000 307 2033 Aeterna
322 2000 448 2033 Christi
464 2010 600 2032 munera
617 2006 650 2032 et
665 2005 858 2042 martyrum,
880 2003 939 2040 185

159 2044 306 2077 Aeterne
321 2054 377 2076 rex
392 2043 563 2080 altissime,
579 2042 620 2085 67

262 2087 339 2120 laris
354 2086 617 2126 fundamentum,
642 2086 700 2119 168

158 2131 268 2164 Antra
282 2130 404 2163 deserti
420 2130 541 2162 teneris
555 2130 617 2162 sub
633 2129 738 2169 annis,
763 2139 821 2172 135

158 2174 191 2206 Α
207 2173 287 2206 solis
301 2179 393 2206 ortus
409 2174 554 2210 cardine,
576 2175 636 2206 180

160 2217 251 2250 Audi
267 2217 411 2259 benigue
427 2217 590 2256 conditor,
611 2227 651 2258 42

158 2262 231 2294 Ave
247 2260 347 2293 maris
362 2260 468 2297 stella,
490 2270 546 2302 ¹91

192 2327 213 2341 „
244 2304 278 2336 in
294 2303 534 2347 purificatione,
558 2314 570 2336 1
582 2314 618 2345 ¹3

205 2370 213 2384 ,
254 2370 275 2384 ,,
292 2347 560 2386 annunciatione,
584 2356 638 2379 121

253 2413 274 2428 .,
293 2390 491 2428 visitatione,
513 2399 572 2433 139

252 2456 275 2472 „
291 2433 376 2466 festo
391 2433 433 2466 ad
449 2433 553 2472 nives,
577 2442 634 2474 145

191 2499 200 2514 ,
254 2500 274 2514 „
291 2477 527 2519 assumptione,
549 2487 609 2521 ¹⁴9

204 2543 213 2558 ,
253 2543 274 2557 ,‚
292 2520 476 2556 nativitate.
498 2529 557 2562 153

191 2586 214 2601 .,
254 2586 274 2601 ,‚
291 2563 546 2607 presentatione‚
577 2572 638 2605 170

195 2629 216 2644 ,.
258 2629 278 2644 „
294 2607 523 2649 conceptione,
547 2615 605 2648 177

157 2650 271 2683 Aurea
286 2651 359 2683 luce
374 2656 407 2683 et
423 2650 542 2682 decore
559 2659 665 2687 roseo,
686 2658 744 2691 137

157 2694 265 2726 Aures
280 2693 323 2725 ad
340 2699 469 2726 nostras
484 2693 617 2726 deitatis
634 2703 758 2736 preces,
780 2691 822 2732 46

157 2737 288 2769 Aurora
303 2737 385 2769 lucis
401 2736 525 2774 rutilat,
542 2737 584 2777 58

157 2779 289 2813 Christe
305 2780 496 2822 redemptor
511 2779 660 2812 omnium
676 2789 846 2815 conserva,
868 2779 926 2819 165

157 2823 292 2856 Christe
307 2823 496 2866 redemptor
512 2822 660 2855 omnium
677 2833 717 2855 ex
734 2828 839 2865 patre,
864 2824 924 2854 180

157 2866 291 2899 Christe
306 2872 495 2899 sanctorum
512 2866 612 2898 decus
628 2866 836 2909 angelorum,
860 2865 921 2907 158

157 2910 324 2942 Conditor
339 2910 427 2942 alme
442 2909 609 2951 syderum,
628 2919 668 2950 ²4

158 2953 250 2985 Deus
266 2959 397 2986 tuorum
414 2953 568 2992 militum,
594 2954 651 2993 185

157 2996 286 3029 Doctor
300 2996 431 3038 egregie
451 2996 551 3028 Paule
567 3006 675 3028 mores
691 2995 826 3034 instrue,
851 3005 909 3037 ¹09

195 3062 215 3077 ‚,
247 3040 279 3072 in
295 3039 610 3073 commemoratione
627 3038 730 3078 (lunii
748 3040 814 3079 30),
840 3048 898 3080 139

1038 1233 1113 1275 Ego
1129 1232 1198 1264 dixi
1214 1233 1248 1265 in
1266 1231 1406 1264 dimidio
1422 1233 1562 1271 dierum,
1585 1241 1601 1274 7

1039 1276 1210 1308 Exultavit
1226 1286 1284 1308 cor
1299 1286 1410 1308 meum
1427 1277 1461 1308 in
1477 1276 1626 1312 domino,
1643 1286 1664 1318 9

1038 1319 1233 1362 Magnificat
1249 1319 1361 1352 anima
1376 1330 1460 1358 mea,
1482 1329 1500 1361 5

1037 1363 1070 1395 Ν
1074 1374 1138 1395 unc
1154 1363 1305 1400 dimittis,
1324 1372 1341 1404 5

1036 1407 1237 1449 Quicunque
1252 1407 1323 1439 vult
1339 1407 1449 1439 salvus
1465 1417 1548 1446 esse,
1569 1417 1586 1448 3

1035 1450 1086 1482 Te
1103 1451 1214 1483 Deum
1231 1450 1416 1488 laudamus,
1441 1461 1451 1482 1

682 1735 1069 1780 HYMNORUM
1125 1735 1580 1779 METRICORUM.

1032 1869 1167 1902 Exultet
1184 1869 1314 1901 coelum
1331 1868 1495 1908 laudibus,
1520 1871 1580 1910 184

1031 1913 1166 1945 Exultet
1184 1912 1338 1944 laudibus
1354 1917 1482 1944 sacrata
1497 1912 1627 1950 concio,
1650 1911 1709 1954 146

1029 1957 1148 1988 Gaude
1164 1963 1270 1988 mater
1285 1955 1431 1998 pietatis,
1453 1965 1511 1997 145

1031 2000 1150 2031 Hostis
1168 1999 1323 2031 Herodes
1339 1999 1452 2041 impie,
1478 2009 1537 2039 104

1031 2043 1141 2075 Huius
1162 2043 1300 2075 obtentu
1323 2043 1405 2074 deus
1425 2042 1512 2075 alme
1528 2042 1649 2075 no‘stris
1667 2042 1714 2082 (in
1732 2043 1766 2075 S.
1787 2043 1838 2075 M.

1117 2086 1260 2128 Magd),
1286 2096 1341 2126 141

1089 2152 1110 2166 ,‚
1222 2152 1243 2166 „
1291 2128 1338 2169 (S.
1358 2127 1484 2169 Anna),
1510 2139 1568 2170 143

1029 2173 1102 2205 Iam
1133 2173 1221 2205 bone
1256 2178 1368 2214 pastor
1401 2173 1496 2205 Petre
1529 2173 1676 2205 clemens
1713 2172 1838 2215 accipe,

1076 2217 1136 2249 116

1029 2259 1103 2292 Iam
1120 2258 1272 2291 Christus
1288 2263 1375 2291 astra
1391 2259 1599 2295 ascenderat,
1617 2258 1659 2302 69

1030 2303 1102 2335 Iam
1119 2302 1202 2334 lucis
1218 2308 1292 2334 orto
1307 2302 1435 2344 sydere,
1456 2313 1472 2334 2
1478 2313 1495 2343 3

1030 2346 1106 2378 Iesu
1122 2356 1246 2378 corona
1262 2345 1391 2385 celsior,
1415 2346 1474 2378 186

1029 2389 1106 2422 Iesu
1123 2395 1236 2421 nostra
1252 2389 1451 2430 redemptio,
1468 2388 1510 2421 66

1028 2433 1104 2466 Iesu
1121 2432 1267 2465 saluator
1283 2432 1396 2469 seculi.
1417 2431 1477 2465 166

1028 2476 1098 2509 Iste
1113 2475 1282 2508 consessor
1298 2475 1427 2508 domini
1444 2481 1601 2515 sacratuS,
1627 2475 1685 2508 186

1030 2519 1159 2552 Lustris
1174 2530 1231 2552 sex
1248 2519 1306 2562 qui
1322 2518 1389 2551 iam
1406 2519 1558 2569 peractis,
1582 2519 1641 2551 128

1088 2586 1109 2600 „
1188 2585 1208 2599 ,‚
1234 2562 1266 2594 in
1283 2563 1486 2595 exaltatione
1504 2562 1540 2595 S.
1558 2562 1685 2599 Crucis,
1708 2573 1768 2603 154

1029 2607 1157 2648 Martyr
1173 2605 1227 2638 dei
1243 2606 1300 2648 qui
1316 2606 1461 2645 unicum,
1487 2608 1544 2646 185

1029 2650 1141 2682 Nocte
1157 2655 1328 2691 surgentes
1343 2649 1518 2691 vigilemus
1534 2659 1661 2687 omnes,
1684 2659 1725 2692 39

1030 2693 1130 2725 Nunc
1146 2700 1259 2725 sancte
1275 2693 1372 2725 nobis
1388 2692 1535 2734 spiritus,
1554 2703 1594 2734 ²4

1029 2736 1061 2770 O
1078 2736 1235 2769 Gloriosa
1250 2736 1398 2774 domina,
1424 2738 1483 2768 188
1678 2773 1686 2779 .

1251 2779 1285 2811 in
1302 2779 1542 2822 purificatione.
1566 2789 1623 2820 113

1296 2822 1496 2860 visitatione,
1518 2832 1577 2865 139

1296 2866 1380 2898 sesto
1396 2866 1438 2898 ad
1455 2865 1558 2902 nives.
1581 2875 1638 2907 145

1294 2909 1533 2951 assumptione,
1555 2919 1614 2951 ¹49

1298 2953 1484 2988 nativitate,
1508 2960 1567 2994 153

1299 2995 1555 3038 presentatione,
1577 3005 1631 3036 ¹7¹

1299 3039 1529 3081 conceptione,
1555 3047 1613 3080 177

1591 3104 1724 3146 13-2
