2066 3392
825 194 1146 227 SEPTEMBER.

129 288 387 326 memorare,
400 288 512 329 quos
529 274 638 316 deus
661 273 787 315 initio
809 285 936 313 mun-

127 334 173 374 di
188 334 353 375 creauit
367 333 488 374 nulla
503 330 689 373 infestos
702 330 934 385 prauitate,

130 391 233 433 licet
264 391 455 445 ipsorum
487 390 670 444 quidam
702 403 762 430 ex
793 388 936 430 omni-

130 449 214 490 bus
254 449 484 490 ordinibus
535 448 609 488 sua
660 446 792 500 culpa
832 459 934 487 cum

129 507 326 561 principe
347 505 526 547 diabolo
544 505 796 547 corruerint.
838 504 937 546 An-

129 564 330 617 gelorum
353 564 497 618 igitur,
511 564 585 617 qui
608 563 652 604 in
674 562 817 604 officio
839 575 937 616 per-

130 622 305 671 stantes,
327 622 502 663 suerunt
531 622 575 662 in
607 621 750 673 gratia
780 619 936 662 confir-

132 681 253 727 mati,
270 686 359 722 tres
375 680 557 721 omnino
573 679 656 720 esse
670 677 936 719 hierarchias

130 739 390 791 grauissimis
452 735 700 778 san&orum
750 735 936 777 volumi-

131 809 251 842 num,
294 802 339 837 et
391 793 621 837 auc'torum
672 793 936 846 testimonijs

132 854 395 907 accepimus.
457 853 705 907 supremam
776 851 936 892 scilicet

133 912 340 961 mediam,
391 917 436 953 et
487 910 698 959 infimam,
749 922 936 963 quarum

132 969 311 1023 fingulae
346 975 496 1010 ternos
530 969 706 1009 ordines
739 967 938 1008 contine-

131 1034 223 1077 ant,
255 1027 457 1081 suprema
489 1026 754 1080 seraphinos‚
785 1025 938 1066 cheru-

132 1085 274 1134 binos,
295 1091 340 1126 et
363 1084 557 1126 thronos,
619 1084 768 1124 media
790 1082 936 1124 domi-

134 1143 349 1191 nationes,
371 1143 658 1196 principatus,
680 1147 724 1182 et
747 1140 937 1194 potesta-

132 1207 213 1250 tes,
235 1200 388 1242 infima
410 1201 608 1248 virtutes,
630 1198 936 1252 archangelos,

132 1265 177 1300 ct
198 1259 274 1312 qui
297 1258 443 1312 angeli
467 1255 937 1312 propiore²vocabulo‚

132 1317 252 1371 quod
275 1316 336 1357 est
357 1316 553 1369 alioquin
584 1314 791 1356 omnibus
818 1327 938 1355 com-

133 1388 268 1416 mune
318 1374 616 1415 nominantur.
697 1372 940 1414 Conficitur

132 1438 283 1474 autem
324 1431 616 1485 vnusquisque
665 1430 776 1471 ordo
826 1443 939 1484 prae-

134 1489 292 1531 stantia
333 1496 377 1531 et
411 1489 694 1530 similitudine
731 1488 936 1535 muneris,

135 1554 180 1589 et
201 1548 356 1602 gratiae
385 1563 394 1589 z
420 1561 508 1601 qua
529 1547 712 1600 quidam
735 1545 938 1600 angelor-

135 1619 209 1647 um
244 1605 516 1647 conueniunt
556 1605 671 1645 inter
704 1603 755 1645 se.
818 1603 937 1644 Nam

134 1663 236 1705 licet
277 1661 437 1705 cunc'ta
477 1662 720 1716 gratiarum
755 1675 939 1703 munera

133 1735 289 1763 omnes
338 1721 602 1775 acceperint,
649 1719 737 1761 alia
786 1725 938 1760 tamen

133 1779 231 1832 alijs
253 1780 415 1834 largius
437 1779 603 1820 tributa
619 1777 726 1819 sunt.
779 1777 939 1831 Itaque

133 1837 348 1891 seraphini
363 1836 658 1891 appellantur,
676 1835 752 1889 qui
768 1836 938 1876 caeteris

132 1895 347 1936 charitate
361 1894 581 1949 praestant,
595 1892 939 1946 cherubini²‘‚qui

133 1952 358 2007 sapientia,
372 1966 423 1994 ac
445 1952 592 1993 caeteri
615 1951 773 1993 eodem
793 1952 937 1993 modo.

136 2010 226 2053 Sed
259 2023 517 2065 quanquam
560 2009 707 2062 angeli
750 2022 840 2062 quo
875 2008 940 2049 su-

134 2068 326 2122 periores
350 2066 558 2118 sunt,hoc
580 2067 718 2108 rarius
740 2080 766 2107 a
788 2066 873 2107 deo
895 2067 939 2107 in

135 2125 422 2167 ministerium
473 2125 654 2178 aliquod
707 2124 942 2165 mittantur

134 2183 364 2238 (tutelares
384 2182 500 2224 enim
524 2195 712 2236 quorum
735 2181 941 2235 cuiusque

135 2242 237 2283 fidei
279 2240 431 2294 singuli
483 2240 687 2281 homines
737 2240 942 2280 commit-

134 2305 288 2341 tuntur
328 2312 387 2340 ex
429 2297 583 2339 infimo
624 2297 781 2338 ordine
822 2296 938 2351 sunt)

135 2364 286 2399 tamen
316 2370 375 2398 ex
405 2356 527 2396 omni
556 2356 710 2396 ordine
741 2355 941 2408 quando-

135 2429 222 2470 que
261 2414 379 2455 mitti
421 2413 604 2455 testatur
646 2412 822 2462 Paulus,
865 2411 940 2466 qui

136 2485 294 2514 omnes
326 2471 506 2525 (inquit)
539 2470 635 2511 sunt
666 2469 942 2511 administra-

137 2529 237 2583 torij
264 2529 436 2583 spiritus
454 2529 496 2569 in
515 2527 801 2569 ministerium
821 2528 940 2570 missi.

141 2588 298 2641 Itaque
314 2586 675 2640 Michaelem,qui
695 2599 811 2627 nunc
825 2586 943 2640 prin-

139 2658 244 2699 ceps
264 2644 453 2686 ecclesiae
475 2644 637 2685 dicitur
657 2643 752 2693 effe,
766 2649 814 2685 vt
835 2643 942 2685 olim

140 2702 391 2757 synagogae,
405 2701 507 2743 licet
521 2707 615 2742 tum
631 2701 829 2755 angelus,
846 2707 941 2743 tum

137 2758 942 2813 archangelusnominetur,cffetamen

139 2818 352 2873 supremae
367 2817 622 2858 hierarchiae
637 2816 943 2859 existimarunt

208 2949 220 2972 ¹
246 2948 437 3002 propriore
462 2962 469 2984 :
488 2949 531 2983 R.
550 2949 587 2984 Ρ.
607 2949 649 2984 Α.

208 2996 222 3019 ²
246 2997 427 3033 cherubin
452 2997 521 3031 ῑΑ.

1733 192 1814 237 159

1003 273 1084 314 viri
1107 271 1308 314 nonnulli
1337 272 1556 314 sacrarum
1586 272 1811 316 literarum

1004 331 1288 379 eruditiffimi‚
1311 329 1493 372 auctore
1517 331 1718 381 Daniele,
1736 333 1811 386 qui

1005 388 1273 430 Michaelem
1310 402 1448 430 vnum
1486 388 1571 430 esse
1606 389 1714 431 dicit
1755 390 1812 431 de

1003 447 1156 500 primis
1172 446 1455 500 principibus.
1486 446 1718 488 Michaelis
1733 447 1813 501 igi-

1004 511 1076 546 tur
1097 504 1264 553 festum,
1286 504 1407 558 quod
1429 504 1562 545 hodie
1583 505 1714 546 tertio
1742 519 1814 546 ca-

1003 560 1813 611 lendasO&0briscelebratur‚n0men

1006 621 1178 674 accepit
1219 634 1246 661 a
1286 620 1567 661 dedicatione
1614 620 1814 670 bafilicae,

1004 692 1105 732 quae
1142 678 1217 732 ips1
1255 677 1338 719 fuit
1369 678 1577 719 dedicata
1608 678 1651 719 in
1684 684 1814 719 antro

1005 737 1061 777 ad
1124 749 1337 777 cacumen
1400 735 1597 790 Gargani
1649 737 1814 778 montis

1005 793 1200 847 Apuliae,
1223 794 1299 848 qui
1328 795 1545 848 procurrit
1568 794 1611 835 in
1634 795 1815 835 adriati-

1005 865 1106 893 cum
1129 865 1261 893 mare.
1313 851 1418 905 Quo
1443 852 1486 892 in
1510 851 1609 893 loco
1633 846 1815 907 propter

1007 910 1150 951 multa
1175 915 1219 951 et
1246 923 1411 963 magna
1437 910 1572 950 aedita
1601 910 1814 952 miracula

1005 981 1106 1009 cum
1158 968 1215 1009 ab
1256 967 1355 1020 alijs
1396 967 1574 1021 populis
1616 968 1815 1023 religiose

1006 1026 1166 1067 colitur
1188 1025 1395 1076 Michael,
1417 1031 1512 1066 tum
1538 1026 1737 1067 maxime
1758 1026 1816 1068 ab

1007 1083 1168 1125 accolis
1202 1083 1462 1138 Sipontinis,
1489 1084 1565 1137 qui
1598 1084 1639 1125 se
1665 1090 1815 1138 patro-

1006 1142 1123 1182 cinio
1145 1142 1239 1183 eius
1261 1141 1376 1195 saepe
1401 1141 1578 1183 adiutos
1604 1142 1688 1183 esse
1713 1156 1814 1197 pro·

1009 1199 1200 1241 fitentur.

1008 1301 1052 1347 (Ι
1069 1298 1364 1351 Hieronymus
1373 1298 1590 1352 presbiter
1605 1299 1814 1353 confeffor.

1084 1357 1240 1411 duplex
1260 1357 1415 1398 minus.
1475 1357 1622 1398 Lec72'0
1642 1357 1737 1412 ‚z‘g‘j³.

1017 1432 1380 1515 HIeronymus
1412 1432 1702 1474 Constantino
1735 1433 1815 1474 im·

1143 1496 1345 1543 peratore
1376 1503 1494 1531 anno
1525 1490 1583 1531 ab
1615 1490 1721 1532 orbe
1751 1505 1817 1532 re·

1008 1547 1193 1601 dempto
1211 1547 1442 1601 .ecc.xxxj.
1458 1548 1500 1589 in
1519 1549 1687 1602 oppido
1707 1549 1816 1591 Stri-

1008 1606 1125 1647 done
1144 1605 1283 1659 (quod
1301 1605 1362 1646 est
1380 1606 1423 1646 in
1443 1607 1684 1647 Pannoniae
1708 1606 1815 1649 Dal-

1009 1664 1248 1717 matiaeque
1298 1663 1507 1718 confinio)
1561 1663 1816 1707 Christianis

1007 1721 1267 1775 parentibus
1289 1727 1422 1771 ortus,
1439 1735 1549 1776 puer
1569 1722 1815 1765 admodum

1011 1780 1204 1820 Romam
1257 1779 1405 1820 missus
1453 1779 1514 1821 est
1559 1780 1814 1822 liberalibus

1009 1837 1162 1890 studijs
1193 1837 1472 1879 erudiendus.
1532 1838 1621 1879 Vbi
1646 1838 1816 1880 donato

1010 1895 1054 1936 in
1102 1895 1405 1949 grammaticis
1447 1902 1731 1949 praeceptore,
1772 1903 1817 1939 et

1007 1954 1075 2006 (vt
1101 1953 1285 2006 quidam
1313 1952 1490 2005 volunt)
1511 1952 1743 1995 ViEtorino
1770 1955 1815 1996 in

1009 2010 1237 2052 rhetoricis
1256 2009 1352 2051 vsus
1375 2026 1383 2051 :
1404 2024 1571 2064 graecas
1588 2025 1639 2052 ac
1656 2011 1816 2054 latinas

1010 2068 1180 2109 litteras
1209 2067 1446 2109 felicissime
1468 2068 1635 2110 didicit.
1699 2069 1814 2112 Cum

1009 2132 1160 2167 autem
1192 2131 1325 2166 aetate
1357 2126 1617 2179 proceffisset
1648 2126 1817 2170 Aristo-

1010 2183 1200 2233 telicam,
1234 2183 1517 2236 platonicam,
1551 2184 1731 2227 stoicam
1763 2200 1816 2228 ac

1009 2247 1268 2282 caeterorum
1283 2242 1481 2282 omnium
1491 2241 1815 2297 philosophiam

1009 2299 1170 2352 attigit.
1222 2298 1414 2340 Galliam
1436 2299 1598 2341 deinde
1620 2301 1814 2343 discendi

1010 2354 1222 2410 gratiam⁴
1243 2357 1534 2411 perlustrauit.
1569 2358 1702 2400 Vnde
1726 2359 1817 2401 Ro·

1012 2427 1130 2455 mam
1159 2414 1353 2455 reuersus
1381 2414 1454 2465 est,
1476 2422 1611 2469 atque
1638 2417 1741 2458 inde
1770 2417 1814 2459 in

1013 2472 1191 2525 Syriam
1226 2469 1460 2526 profeftus.
1523 2474 1624 2527 Qua
1660 2475 1815 2516 itidem

1013 2543 1176 2583 magna
1205 2544 1264 2571 ex
1296 2535 1423 2584 parte
1454 2531 1648 2574 discendi
1674 2532 1817 2575 studio

1011 2594 1245 2642 peragrata
1294 2589 1338 2629 in
1390 2588 1556 2630 vastam
1607 2603 1819 2642 eremum,

1012 2659 1112 2699 quae
1149 2645 1287 2699 Syros
1323 2646 1380 2687 ab
1415 2646 1638 2700 Agarenis
1668 2648 1818 2690 dister-

1013 2703 1165 2753 minat,
1214 2703 1386 2747 secessit.
1468 2705 1556 2746 Vbi
1607 2712 1819 2760 quattuor

1013 2774 1153 2802 annos
1194 2761 1251 2803 ab
1292 2761 1522 2803 hominum
1571 2762 1819 2818 frequentia

1015 2818 1219 2869 semotus,
1241 2832 1342 2861 cum
1375 2819 1466 2861 solo
1494 2820 1580 2862 deo
1612 2821 1819 2877 librisque

1084 2950 1097 2971 ³
1123 2950 1184 2986 die
1204 2960 1249 2995 30
1266 2952 1306 2986 in
1325 2963 1371 2987 m.

1083 2996 1096 3018 ⁴
1122 2999 1243 3043 gratia
1263 3011 1270 3034 ε
1293 3000 1334 3034 R.
1353 3000 1389 3034 Ρ.
1405 2999 1448 3034 Α.
