2066 3392
929 215 1045 255 xxix

452 347 496 393 (Ι
534 343 752 395 Quomodo
773 344 988 398 agendum
998 344 1064 397 fit
1082 343 1263 398 officium
1287 344 1334 385 in
1355 344 1528 385 oc‘i'auis.

300 436 345 483 {I
386 436 506 478 Infra
541 435 724 478 ofitauas
762 435 1024 477 Natiuitatis
1060 435 1243 485 domini,
1281 435 1558 490 Epiphaniae,
1602 434 1759 477 Resur-

215 502 432 554 reetionis,
465 504 754 551 pentecostes,
788 510 832 545 et
869 505 1065 558 corporis
1109 504 1265 547 Christi
1303 504 1330 545 s1
1367 511 1567 546 occurrat
1603 504 1759 545 festum

214 572 381 627 duplex
413 573 464 615 fit
494 574 686 615 officium
718 574 774 615 de
806 573 908 627 ipso.
943 573 1052 614 alias
1084 573 1253 627 semper
1276 574 1480 615 dicentur
1504 573 1761 615 inuitatoria

215 657 313 685 cum
330 644 508 698 hymnis
525 650 569 686 et
591 644 791 685 oratione
805 644 861 684 de
882 641 1053 692 o&aua‚
1069 642 1219 685 ¹tertia
1233 642 1403 685 autem¹
1420 642 1551 685 leOEtio
1570 643 1761 685 dicenda

214 711 286 763 est,
303 726 402 766 quae
425 713 467 753 in
490 712 742 753 calendario
764 713 999 754 occurrerit
1018 729 1026 754 :
1057 719 1102 754 et
1119 713 1146 754 sl
1170 714 1372 754 inciderit
1395 713 1550 754 festum
1573 712 1759 766 fimplex

214 780 396 822 habebit
430 787 605 822 tantum
643 782 818 822 tertiam
855 780 1102 823 le&ionem.
1167 782 1219 823 In
1257 782 1355 836 alijs
1392 789 1542 824 autem
1577 780 1761 830 offitauis,

213 850 418 892 videlicet
458 850 736 892 Ascenfionis
777 851 958 892 domini.
1019 851 1346 905 Assumptionis
1387 852 1532 893 beatae
1568 851 1763 905 virginis,

215 917 476 960 Natiuitatis
492 920 699 969 eiusdem,
725 920 997 962 Natiuitatis.
1021 934 1051 960 s.
1073 920 1254 961 Ioannis
1273 919 1495 973 Baptistae,
1509 917 1759 961 sanfitorum

214 985 531 1041 Apostolorum
551 989 666 1030 Petri
689 995 733 1030 et
758 988 891 1037 Pauli,
909 995 954 1029 et
979 988 1092 1029 Festi
1114 988 1314 1029 omnium
1339 986 1598 1035 sanstorum,
1620 988 1760 1043 quod-

214 1069 387 1109 cunque
409 1056 563 1097 festum
586 1064 799 1107 occurrat,
821 1057 870 1099 fit
891 1057 1085 1098 officium
1108 1058 1163 1099 de
1186 1057 1288 1111 ipso.
1351 1058 1412 1099 Et
1439 1059 1573 1099 etiam
1601 1058 1644 1099 in
1668 1057 1761 1099 sab-

215 1123 330 1165 batis
372 1124 547 1165 interim
585 1126 927 1174 occurrentibus,
966 1125 994 1165 sl
1029 1139 1116 1166 non
1156 1125 1204 1166 sit
1238 1124 1406 1175 festum,
1443 1125 1492 1167 fit
1532 1126 1588 1167 de
1628 1125 1762 1166 beata

213 1192 392 1246 virgine,
431 1201 478 1234 vt
513 1194 556 1234 in
594 1194 741 1235 officio
783 1193 977 1235 eiusdem
1016 1194 1059 1234 in
1092 1193 1179 1235 fine
1212 1193 1431 1248 breuiarij.
1495 1194 1759 1236 Notandum

213 1269 363 1303 autem
397 1264 515 1317 quod
547 1262 707 1305 oCtaua
741 1278 775 1305 s.
808 1265 995 1318 Joannis
1027 1264 1235 1318 Baptistae
1264 1265 1395 1306 durat
1422 1271 1598 1306 tantum
1627 1264 1762 1320 vsque

215 1333 271 1373 ad
295 1332 448 1374 festum
472 1331 721 1375 san&orum
746 1334 874 1383 Petri,
896 1339 940 1374 et
964 1333 1101 1375 Pauli.

498 1460 542 1506 (I
571 1458 754 1510 Quando
763 1458 828 1512 fit
848 1458 1152 1500 recurrendum
1173 1459 1238 1499 ad
1252 1473 1480 1501 commune.

302 1547 347 1594 (Ι
373 1542 424 1583 In
443 1542 750 1585 festiuitatibus
767 1542 1012 1585 sancstorum
1033 1545 1074 1585 in
1093 1545 1254 1598 quibus
1275 1559 1363 1586 non
1383 1544 1762 1599 fuerit²ass1gnata

218 1611 486 1661 inuitatoffia,
527 1612 696 1666 hymni,
738 1619 782 1654 et
833 1614 1056 1654 orationes
1097 1615 1298 1668 propriae,
1338 1615 1553 1669 quidquid
1604 1614 1763 1656 horum

217 1679 417 1730 desuerit,
453 1681 697 1734 petendum
735 1680 796 1722 est
833 1695 891 1722 ex
929 1682 1167 1724 communi.
1230 1683 1290 1724 Et
1327 1683 1388 1724 est
1423 1683 1765 1734 aduertendum‚

218 1750 338 1803 quod
363 1749 564 1804 ⁸hymnis
595 1750 839 1805 assignatis³
870 1753 925 1793 ad
949 1752 1152 1806 vesperas
1183 1753 1344 1794 dicitur
1375 1754 1419 1795 in
1450 1754 1642 1808 Vtrisque
1672 1753 1764 1796 ves-

218 1821 332 1874 peris
362 1822 542 1875 quando
574 1821 702 1863 fuerit
735 1821 891 1863 festum
917 1822 1100 1876 duplex.
1164 1823 1405 1865 Sciendum
1436 1824 1619 1878 insuper,
1641 1824 1762 1878 quod

218 1890 359 1931 oratio
385 1891 597 1944 asslgnata
625 1892 862 1932 dominicae
888 1891 957 1933 seu
988 1891 1119 1942 seriae,
1143 1899 1220 1933 aut
1251 1892 1368 1933 festo.
1394 1893 1480 1934 fiue
1502 1893 1551 1934 fit
1573 1894 1765 1948 propria,

219 1959 303 2002 siue
333 1962 592 2010 communis,
625 1963 806 2016 quando
838 1962 887 2004 sit
919 1963 1112 2004 officium
1145 1964 1202 2004 de
1234 1963 1344 2017 ipfis‚
1374 1964 1563 2006 dicenda
1604 1965 1665 2007 est
1706 1966 1762 2008 ad

219 2043 372 2072 omnes
394 2030 536 2082 horas,
557 2038 718 2086 praeter
738 2032 929 2086 primam
953 2039 997 2074 et
1019 2032 1375 2087 completorium.

811 2153 855 2199 (I
879 2150 948 2192 De
967 2151 1168 2192 aduentu.

307 2238 352 2285 ΙΙ
388 2234 627 2278 Sciendum
670 2235 789 2289 quod
832 2235 1052 2276 aduentus
1094 2235 1263 2275 domini
1306 2234 1556 2278 celebratur
1597 2236 1767 2291 semper

221 2304 467 2358 Vbicunque
498 2305 593 2346 dies
624 2305 874 2346 dominicus
907 2304 1122 2353 inciderit,
1164 2304 1278 2345 inter
1309 2306 1514 2358 quintum
1555 2305 1765 2349 calendas

224 2372 481 2414 Decembris
512 2379 557 2414 et
588 2374 767 2414 tertium
803 2387 943 2414 nonas
976 2373 1169 2414 eiusdem
1203 2373 1371 2423 menfis,
1402 2380 1446 2415 et
1477 2375 1559 2416 erit
1596 2374 1766 2430 semper

224 2441 445 2483 dominica
477 2441 684 2495 proxima
716 2441 821 2482 sesto
844 2455 886 2483 .s.
911 2441 1107 2482 Andreae
1136 2440 1222 2482 siue
1250 2442 1486 2495 praecedat,
1508 2443 1592 2485 s1ue
1615 2443 1766 2499 sequa-

223 2517 303 2552 tur.
384 2511 496 2565 saepe
528 2510 683 2552 etiam⁴
705 2509 871 2553 dmum
906 2511 1059 2552 festum
1092 2512 1279 2552 occurrit
1312 2512 1353 2552 in
1388 2512 1478 2566 ipsa
1503 2514 1660 2556 eadem
1687 2515 1766 2557 do-

226 2593 395 2621 minica.

325 2691 369 2737 (I
397 2686 510 2738 Quot
528 2689 855 2743 dominicaestnt
876 2689 922 2731 in
943 2703 1068 2738 anno,
1090 2696 1130 2730 ct
1149 2689 1352 2743 quomodo
1372 2690 1641 2744 appellentur.

311 2774 354 2821 (I
388 2772 549 2815 Annus
589 2776 884 2816 communiter
924 2790 949 2816 a
991 2775 1133 2829 prima
1174 2775 1397 2816 dominica
1438 2776 1669 2826 aduentus,
1707 2776 1764 2818 ad

226 2840 356 2882 aliam
380 2841 571 2883 similiter
593 2844 779 2896 primam
804 2845 1023 2885 aduentus
1046 2843 1266 2885 exclufiue
1289 2845 1607 2898 computando,
1630 2845 1765 2887 habet

276 2963 286 2985 ¹
315 2964 325 2986 ¹
352 2964 441 3000 seria
458 2973 581 3002 nutem
601 2966 637 3012 iij
664 2980 670 3002 t
692 2969 728 3002 P.
1027 2967 1080 2988 ²³⁴¹
1106 2968 1267 3011 hymnus
1285 2967 1485 3012 assignatus
1507 2979 1514 3002 ε
1537 2967 1579 3001 R.
1603 2967 1640 3003 P.
1661 2967 1705 3002 A.

275 3010 289 3032 ²
313 3010 445 3047 suerint
478 3026 484 3047 :
514 3014 556 3048 R.
580 3015 615 3049 1‘.
637 3015 678 3049 A.
1027 3014 1039 3036 ⁴
1065 3015 1164 3050 enim
1189 3027 1195 3049 :
1215 3015 1257 3049 A.
