<?xml version="1.0" encoding="UTF-8"?>
<!DOCTYPE html PUBLIC "-//W3C//DTD XHTML 1.0 Transitional//EN"
    "http://www.w3.org/TR/xhtml1/DTD/xhtml1-transitional.dtd">
<html xmlns="http://www.w3.org/1999/xhtml" xml:lang="en" lang="en">
 <head>
  <title>
</title>
<meta http-equiv="Content-Type" content="text/html;charset=utf-8" />
  <meta name='ocr-system' content='tesseract 3.04.00' />
  <meta name='ocr-capabilities' content='ocr_page ocr_carea ocr_par ocr_line ocrx_word'/>
</head>
<body>
  <div class='ocr_page' id='page_1' title='image "./breviariumromanu00quiuoft/breviariumromanu00quiuoft_0169.png"; bbox 0 0 2066 3392; ppageno 0'>
   <div class='ocr_carea' id='block_1_1' title="bbox 0 0 88 1675">
    <p class='ocr_par' dir='ltr' id='par_1_1' title="bbox 0 0 88 1675">
     <span class='ocr_line' id='line_1_1' title="bbox 0 0 88 1675; baseline 0 0"><span class='ocrx_word' id='word_1_1' title='bbox 0 0 88 1675; x_wconf 95' lang='lat' dir='ltr'> </span> 
     </span>
    </p>
   </div>
   <div class='ocr_carea' id='block_1_2' title="bbox 0 1860 54 2420">
    <p class='ocr_par' dir='ltr' id='par_1_2' title="bbox 0 1860 54 2420">
     <span class='ocr_line' id='line_1_2' title="bbox 0 1860 54 2420; baseline 0 972"><span class='ocrx_word' id='word_1_2' title='bbox 0 1860 54 2420; x_wconf 95' lang='lat' dir='ltr'> </span> 
     </span>
    </p>
   </div>
   <div class='ocr_carea' id='block_1_3' title="bbox 4 3072 91 3392">
    <p class='ocr_par' dir='ltr' id='par_1_3' title="bbox 4 3072 91 3392">
     <span class='ocr_line' id='line_1_3' title="bbox 4 3072 91 3392; baseline 0 0"><span class='ocrx_word' id='word_1_3' title='bbox 4 3072 91 3392; x_wconf 95' lang='lat' dir='ltr'> </span> 
     </span>
    </p>
   </div>
   <div class='ocr_carea' id='block_1_4' title="bbox 843 219 1140 255">
    <p class='ocr_par' dir='ltr' id='par_1_4' title="bbox 843 219 1140 255">
     <span class='ocr_line' id='line_1_4' title="bbox 843 219 1140 255; baseline -0.013 0"><span class='ocrx_word' id='word_1_4' title='bbox 843 222 895 255; x_wconf 80' lang='lat' dir='ltr'>JA</span> <span class='ocrx_word' id='word_1_5' title='bbox 899 221 944 254; x_wconf 91' lang='lat' dir='ltr'><em>N</em></span> <span class='ocrx_word' id='word_1_6' title='bbox 943 221 1006 255; x_wconf 83' lang='lat' dir='ltr'>UA</span> <span class='ocrx_word' id='word_1_7' title='bbox 1011 219 1070 254; x_wconf 88' lang='lat' dir='ltr'>RI</span> <span class='ocrx_word' id='word_1_8' title='bbox 1071 219 1140 253; x_wconf 87' lang='lat' dir='ltr'>US.</span> 
     </span>
    </p>
   </div>
   <div class='ocr_carea' id='block_1_5' title="bbox 53 298 949 356">
    <p class='ocr_par' dir='ltr' id='par_1_5' title="bbox 53 278 949 356">
     <span class='ocr_line' id='line_1_5' title="bbox 53 298 949 356; baseline -0.003 -13"><span class='ocrx_word' id='word_1_9' title='bbox 53 298 67 322; x_wconf 64' lang='grc'>”</span> <span class='ocrx_word' id='word_1_10' title='bbox 146 306 254 343; x_wconf 86' lang='lat' dir='ltr'>tano</span> <span class='ocrx_word' id='word_1_11' title='bbox 288 300 505 356; x_wconf 91' lang='lat' dir='ltr'>episcopo,</span> <span class='ocrx_word' id='word_1_12' title='bbox 535 301 605 342; x_wconf 91' lang='lat' dir='ltr'>cui</span> <span class='ocrx_word' id='word_1_13' title='bbox 638 299 756 342; x_wconf 90' lang='lat' dir='ltr'>blesa</span> <span class='ocrx_word' id='word_1_14' title='bbox 795 299 949 354; x_wconf 87' lang='lat' dir='ltr'>lingua</span> 
     </span>
    </p>
   </div>
   <div class='ocr_carea' id='block_1_6' title="bbox 145 356 950 471">
    <p class='ocr_par' dir='ltr' id='par_1_6' title="bbox 145 356 950 471">
     <span class='ocr_line' id='line_1_6' title="bbox 147 356 950 412; baseline -0.004 -11"><span class='ocrx_word' id='word_1_15' title='bbox 147 365 251 408; x_wconf 91' lang='lat' dir='ltr'>erat,</span> <span class='ocrx_word' id='word_1_16' title='bbox 291 372 454 400; x_wconf 91' lang='lat' dir='ltr'>munus</span> <span class='ocrx_word' id='word_1_17' title='bbox 500 356 747 400; x_wconf 65' lang='lat' dir='ltr'>iniunftum</span> <span class='ocrx_word' id='word_1_18' title='bbox 789 357 950 412; x_wconf 85' lang='lat' dir='ltr'>praedi-</span> 
     </span>
     <span class='ocr_line' id='line_1_7' title="bbox 145 415 950 471; baseline -0.004 -12"><span class='ocrx_word' id='word_1_19' title='bbox 145 416 277 459; x_wconf 89' lang='lat' dir='ltr'>candi</span> <span class='ocrx_word' id='word_1_20' title='bbox 304 416 586 471; x_wconf 90' lang='lat' dir='ltr'>euangelium</span> <span class='ocrx_word' id='word_1_21' title='bbox 609 430 690 470; x_wconf 91' lang='lat' dir='ltr'>pro</span> <span class='ocrx_word' id='word_1_22' title='bbox 712 415 806 470; x_wconf 91' lang='lat' dir='ltr'>ipso</span> <span class='ocrx_word' id='word_1_23' title='bbox 828 415 950 456; x_wconf 90' lang='lat' dir='ltr'>sanc-</span> 
     </span>
    </p>
   </div>
   <div class='ocr_carea' id='block_1_7' title="bbox 146 472 948 527">
    <p class='ocr_par' dir='ltr' id='par_1_7' title="bbox 46 472 948 534">
     <span class='ocr_line' id='line_1_8' title="bbox 146 472 948 527; baseline -0.003 -10.333"><span class='ocrx_word' id='word_1_24' title='bbox 146 474 312 524; x_wconf 81' lang='lat' dir='ltr'>tissime,</span> <span class='ocrx_word' id='word_1_25' title='bbox 329 481 375 516; x_wconf 93' lang='lat' dir='ltr'>et</span> <span class='ocrx_word' id='word_1_26' title='bbox 391 474 641 517; x_wconf 87' lang='lat' dir='ltr'>constanter</span> <span class='ocrx_word' id='word_1_27' title='bbox 656 474 822 521; x_wconf 89' lang='lat' dir='ltr'>obibat,</span> <span class='ocrx_word' id='word_1_28' title='bbox 845 472 948 527; x_wconf 81' lang='lat' dir='ltr'>Quo</span> 
     </span>
    </p>
   </div>
   <div class='ocr_carea' id='block_1_8' title="bbox 146 532 952 1282">
    <p class='ocr_par' dir='ltr' id='par_1_8' title="bbox 146 532 952 1282">
     <span class='ocr_line' id='line_1_9' title="bbox 147 532 949 587; baseline -0.002 -13"><span class='ocrx_word' id='word_1_29' title='bbox 147 532 327 587; x_wconf 87' lang='lat' dir='ltr'>cognito</span> <span class='ocrx_word' id='word_1_30' title='bbox 337 532 560 574; x_wconf 81' lang='lat' dir='ltr'>Decianus</span> <span class='ocrx_word' id='word_1_31' title='bbox 574 532 828 587; x_wconf 88' lang='lat' dir='ltr'>prouinciae</span> <span class='ocrx_word' id='word_1_32' title='bbox 838 544 949 584; x_wconf 82' lang='lat' dir='ltr'>prae-</span> 
     </span>
     <span class='ocr_line' id='line_1_10' title="bbox 149 588 949 645; baseline -0.004 -13"><span class='ocrx_word' id='word_1_33' title='bbox 149 589 214 632; x_wconf 92' lang='lat' dir='ltr'>ses</span> <span class='ocrx_word' id='word_1_34' title='bbox 253 590 298 632; x_wconf 87' lang='lat' dir='ltr'>in</span> <span class='ocrx_word' id='word_1_35' title='bbox 339 590 641 645; x_wconf 89' lang='lat' dir='ltr'>persecutione</span> <span class='ocrx_word' id='word_1_36' title='bbox 681 588 949 631; x_wconf 86' lang='lat' dir='ltr'>Diocletiani</span> 
     </span>
     <span class='ocr_line' id='line_1_11' title="bbox 147 647 948 702; baseline -0.002 -12"><span class='ocrx_word' id='word_1_37' title='bbox 147 653 192 690; x_wconf 91' lang='lat' dir='ltr'>et</span> <span class='ocrx_word' id='word_1_38' title='bbox 232 648 501 690; x_wconf 85' lang='lat' dir='ltr'>Maximiani</span> <span class='ocrx_word' id='word_1_39' title='bbox 542 648 641 702; x_wconf 91' lang='lat' dir='ltr'>capi</span> <span class='ocrx_word' id='word_1_40' title='bbox 683 661 784 689; x_wconf 90' lang='lat' dir='ltr'>eum</span> <span class='ocrx_word' id='word_1_41' title='bbox 826 647 948 688; x_wconf 92' lang='lat' dir='ltr'>iubet</span> 
     </span>
     <span class='ocr_line' id='line_1_12' title="bbox 149 705 949 760; baseline -0.004 -12"><span class='ocrx_word' id='word_1_42' title='bbox 149 705 489 760; x_wconf 75' lang='lat' dir='ltr'>Caesaraugustae</span> <span class='ocrx_word' id='word_1_43' title='bbox 511 720 612 747; x_wconf 91' lang='lat' dir='ltr'>cum</span> <span class='ocrx_word' id='word_1_44' title='bbox 630 705 882 754; x_wconf 90' lang='lat' dir='ltr'>Valeriano,</span> <span class='ocrx_word' id='word_1_45' title='bbox 905 710 949 745; x_wconf 91' lang='lat' dir='ltr'>et</span> 
     </span>
     <span class='ocr_line' id='line_1_13' title="bbox 147 761 950 812; baseline -0.005 -6"><span class='ocrx_word' id='word_1_46' title='bbox 147 761 342 806; x_wconf 75' lang='lat' dir='ltr'>vin6‘cum</span> <span class='ocrx_word' id='word_1_47' title='bbox 365 764 422 805; x_wconf 92' lang='lat' dir='ltr'>ad</span> <span class='ocrx_word' id='word_1_48' title='bbox 438 764 478 806; x_wconf 94' lang='lat' dir='ltr'>se</span> <span class='ocrx_word' id='word_1_49' title='bbox 498 763 754 805; x_wconf 86' lang='lat' dir='ltr'>Valentiam</span> <span class='ocrx_word' id='word_1_50' title='bbox 777 762 950 812; x_wconf 88' lang='lat' dir='ltr'>deduci,</span> 
     </span>
     <span class='ocr_line' id='line_1_14' title="bbox 146 820 948 876; baseline -0.004 -12"><span class='ocrx_word' id='word_1_51' title='bbox 146 821 220 864; x_wconf 86' lang='lat' dir='ltr'>vbi</span> <span class='ocrx_word' id='word_1_52' title='bbox 270 828 453 876; x_wconf 91' lang='lat' dir='ltr'>propter</span> <span class='ocrx_word' id='word_1_53' title='bbox 501 820 605 863; x_wconf 90' lang='lat' dir='ltr'>fidei</span> <span class='ocrx_word' id='word_1_54' title='bbox 656 821 948 862; x_wconf 87' lang='lat' dir='ltr'>constantiam</span> 
     </span>
     <span class='ocr_line' id='line_1_15' title="bbox 147 879 951 934; baseline -0.002 -13"><span class='ocrx_word' id='word_1_55' title='bbox 147 879 401 922; x_wconf 85' lang='lat' dir='ltr'>verberibus</span> <span class='ocrx_word' id='word_1_56' title='bbox 423 879 615 934; x_wconf 90' lang='lat' dir='ltr'>primum</span> <span class='ocrx_word' id='word_1_57' title='bbox 633 879 766 933; x_wconf 90' lang='lat' dir='ltr'>vsque</span> <span class='ocrx_word' id='word_1_58' title='bbox 782 879 838 920; x_wconf 92' lang='lat' dir='ltr'>ad</span> <span class='ocrx_word' id='word_1_59' title='bbox 861 884 951 920; x_wconf 88' lang='lat' dir='ltr'>tor-</span> 
     </span>
     <span class='ocr_line' id='line_1_16' title="bbox 147 936 950 979; baseline -0.002 0"><span class='ocrx_word' id='word_1_60' title='bbox 147 943 294 979; x_wconf 86' lang='lat' dir='ltr'>torum</span> <span class='ocrx_word' id='word_1_61' title='bbox 335 937 629 979; x_wconf 84' lang='lat' dir='ltr'>laffitudinem</span> <span class='ocrx_word' id='word_1_62' title='bbox 672 937 808 978; x_wconf 79' lang='lat' dir='ltr'>caesus</span> <span class='ocrx_word' id='word_1_63' title='bbox 840 936 916 978; x_wconf 90' lang='lat' dir='ltr'>est·</span> <span class='ocrx_word' id='word_1_64' title='bbox 940 949 950 977; x_wconf 74' lang='grc' dir='ltr'>ε</span> 
     </span>
     <span class='ocr_line' id='line_1_17' title="bbox 148 994 950 1050; baseline -0.002 -13"><span class='ocrx_word' id='word_1_65' title='bbox 148 995 310 1038; x_wconf 91' lang='lat' dir='ltr'>deinde</span> <span class='ocrx_word' id='word_1_66' title='bbox 335 996 380 1037; x_wconf 91' lang='lat' dir='ltr'>in</span> <span class='ocrx_word' id='word_1_67' title='bbox 405 996 594 1050; x_wconf 88' lang='lat' dir='ltr'>equuleo</span> <span class='ocrx_word' id='word_1_68' title='bbox 622 995 773 1037; x_wconf 88' lang='lat' dir='ltr'>ferreis</span> <span class='ocrx_word' id='word_1_69' title='bbox 794 994 950 1048; x_wconf 88' lang='lat' dir='ltr'>vngui-</span> 
     </span>
     <span class='ocr_line' id='line_1_18' title="bbox 149 1052 952 1108; baseline -0.004 -12"><span class='ocrx_word' id='word_1_70' title='bbox 149 1052 233 1096; x_wconf 85' lang='lat' dir='ltr'>bus</span> <span class='ocrx_word' id='word_1_71' title='bbox 253 1060 464 1095; x_wconf 88' lang='lat' dir='ltr'>exaratus</span> <span class='ocrx_word' id='word_1_72' title='bbox 487 1069 495 1095; x_wconf 94' lang='lat'>:</span> <span class='ocrx_word' id='word_1_73' title='bbox 517 1053 737 1108; x_wconf 89' lang='lat' dir='ltr'>postremo</span> <span class='ocrx_word' id='word_1_74' title='bbox 759 1053 802 1094; x_wconf 90' lang='lat' dir='ltr'>in</span> <span class='ocrx_word' id='word_1_75' title='bbox 824 1052 952 1094; x_wconf 88' lang='lat' dir='ltr'>crati-</span> 
     </span>
     <span class='ocr_line' id='line_1_19' title="bbox 148 1110 952 1166; baseline -0.002 -13"><span class='ocrx_word' id='word_1_76' title='bbox 148 1111 248 1153; x_wconf 91' lang='lat' dir='ltr'>cula</span> <span class='ocrx_word' id='word_1_77' title='bbox 288 1111 439 1166; x_wconf 91' lang='lat' dir='ltr'>prunis</span> <span class='ocrx_word' id='word_1_78' title='bbox 476 1110 678 1153; x_wconf 71' lang='lat' dir='ltr'>subieffls</span> <span class='ocrx_word' id='word_1_79' title='bbox 712 1110 952 1165; x_wconf 87' lang='lat' dir='ltr'>impositus,</span> 
     </span>
     <span class='ocr_line' id='line_1_20' title="bbox 150 1168 950 1224; baseline -0.003 -13"><span class='ocrx_word' id='word_1_80' title='bbox 150 1175 196 1212; x_wconf 89' lang='lat' dir='ltr'>et</span> <span class='ocrx_word' id='word_1_81' title='bbox 207 1168 357 1211; x_wconf 88' lang='lat' dir='ltr'>ferreis</span> <span class='ocrx_word' id='word_1_82' title='bbox 371 1168 621 1224; x_wconf 65' lang='lat' dir='ltr'>pee‘cinibus</span> <span class='ocrx_word' id='word_1_83' title='bbox 638 1168 726 1211; x_wconf 89' lang='lat' dir='ltr'>alte</span> <span class='ocrx_word' id='word_1_84' title='bbox 741 1169 950 1223; x_wconf 72' lang='lat' dir='ltr'>impressis</span> 
     </span>
     <span class='ocr_line' id='line_1_21' title="bbox 149 1224 952 1282; baseline -0.002 -13"><span class='ocrx_word' id='word_1_85' title='bbox 149 1227 502 1276; x_wconf 87' lang='lat' dir='ltr'>excarnificatus,</span> <span class='ocrx_word' id='word_1_86' title='bbox 521 1225 642 1282; x_wconf 87' lang='lat' dir='ltr'>quae²</span> <span class='ocrx_word' id='word_1_87' title='bbox 664 1241 766 1268; x_wconf 90' lang='lat' dir='ltr'>cum</span> <span class='ocrx_word' id='word_1_88' title='bbox 785 1224 952 1268; x_wconf 56' lang='lat' dir='ltr'>inuicto</span> 
     </span>
    </p>
   </div>
   <div class='ocr_carea' id='block_1_9' title="bbox 50 1285 950 1340">
    <p class='ocr_par' dir='ltr' id='par_1_9' title="bbox 50 1285 950 1340">
     <span class='ocr_line' id='line_1_22' title="bbox 50 1285 950 1340; baseline -0.001 -13"><span class='ocrx_word' id='word_1_89' title='bbox 50 1290 81 1303; x_wconf 48' lang='lat'>⁷·</span> <span class='ocrx_word' id='word_1_90' title='bbox 150 1285 303 1327; x_wconf 85' lang='lat' dir='ltr'>animo</span> <span class='ocrx_word' id='word_1_91' title='bbox 343 1286 586 1340; x_wconf 87' lang='lat' dir='ltr'>pertulisset</span> <span class='ocrx_word' id='word_1_92' title='bbox 636 1285 680 1326; x_wconf 90' lang='lat' dir='ltr'>in</span> <span class='ocrx_word' id='word_1_93' title='bbox 730 1297 950 1326; x_wconf 86' lang='lat' dir='ltr'>carcerem</span> 
     </span>
    </p>
   </div>
   <div class='ocr_carea' id='block_1_10' title="bbox 147 1342 956 2094">
    <p class='ocr_par' dir='ltr' id='par_1_10' title="bbox 147 1342 952 1572">
     <span class='ocr_line' id='line_1_23' title="bbox 149 1342 951 1397; baseline -0.002 -12"><span class='ocrx_word' id='word_1_94' title='bbox 149 1343 402 1394; x_wconf 87' lang='lat' dir='ltr'>retruditur,</span> <span class='ocrx_word' id='word_1_95' title='bbox 433 1344 507 1385; x_wconf 91' lang='lat' dir='ltr'>vbi</span> <span class='ocrx_word' id='word_1_96' title='bbox 540 1343 674 1397; x_wconf 90' lang='lat' dir='ltr'>paulo</span> <span class='ocrx_word' id='word_1_97' title='bbox 705 1343 800 1397; x_wconf 90' lang='lat' dir='ltr'>post</span> <span class='ocrx_word' id='word_1_98' title='bbox 833 1342 951 1397; x_wconf 86' lang='lat' dir='ltr'>spiri·</span> 
     </span>
     <span class='ocr_line' id='line_1_24' title="bbox 147 1401 952 1455; baseline -0.001 -12"><span class='ocrx_word' id='word_1_99' title='bbox 147 1406 244 1443; x_wconf 89' lang='lat' dir='ltr'>tum</span> <span class='ocrx_word' id='word_1_100' title='bbox 275 1401 332 1442; x_wconf 90' lang='lat' dir='ltr'>ad</span> <span class='ocrx_word' id='word_1_101' title='bbox 367 1401 564 1455; x_wconf 90' lang='lat' dir='ltr'>martyrij</span> <span class='ocrx_word' id='word_1_102' title='bbox 598 1415 807 1442; x_wconf 89' lang='lat' dir='ltr'>coronam</span> <span class='ocrx_word' id='word_1_103' title='bbox 840 1401 952 1442; x_wconf 88' lang='lat' dir='ltr'>acci-</span> 
     </span>
     <span class='ocr_line' id='line_1_25' title="bbox 149 1458 952 1514; baseline -0.001 -13"><span class='ocrx_word' id='word_1_104' title='bbox 149 1458 359 1514; x_wconf 91' lang='lat' dir='ltr'>piendam</span> <span class='ocrx_word' id='word_1_105' title='bbox 411 1459 551 1501; x_wconf 81' lang='lat' dir='ltr'>emisit</span> <span class='ocrx_word' id='word_1_106' title='bbox 612 1459 688 1513; x_wconf 83' lang='lat' dir='ltr'>,xj.</span> <span class='ocrx_word' id='word_1_107' title='bbox 742 1458 952 1500; x_wconf 89' lang='lat' dir='ltr'>calendas</span> 
     </span>
     <span class='ocr_line' id='line_1_26' title="bbox 153 1516 391 1572; baseline 0 -13"><span class='ocrx_word' id='word_1_108' title='bbox 153 1516 391 1572; x_wconf 89' lang='lat' dir='ltr'>Februarij.</span> 
     </span>
    </p>

    <p class='ocr_par' dir='ltr' id='par_1_11' title="bbox 149 1573 956 2094">
     <span class='ocr_line' id='line_1_27' title="bbox 208 1573 953 1630; baseline 0 -14"><span class='ocrx_word' id='word_1_109' title='bbox 208 1573 312 1630; x_wconf 87' lang='lat' dir='ltr'>Quo</span> <span class='ocrx_word' id='word_1_110' title='bbox 360 1575 432 1617; x_wconf 93' lang='lat' dir='ltr'>die</span> <span class='ocrx_word' id='word_1_111' title='bbox 474 1574 735 1629; x_wconf 89' lang='lat' dir='ltr'>martyrium</span> <span class='ocrx_word' id='word_1_112' title='bbox 775 1588 953 1629; x_wconf 90' lang='lat' dir='ltr'>quoque</span> 
     </span>
     <span class='ocr_line' id='line_1_28' title="bbox 149 1632 954 1687; baseline -0.001 -12"><span class='ocrx_word' id='word_1_113' title='bbox 149 1632 399 1675; x_wconf 88' lang='lat' dir='ltr'>celebratur</span> <span class='ocrx_word' id='word_1_114' title='bbox 419 1633 635 1687; x_wconf 89' lang='lat' dir='ltr'>Anastasij</span> <span class='ocrx_word' id='word_1_115' title='bbox 654 1633 835 1674; x_wconf 87' lang='lat' dir='ltr'>natione</span> <span class='ocrx_word' id='word_1_116' title='bbox 854 1633 954 1674; x_wconf 90' lang='lat' dir='ltr'>Per-</span> 
     </span>
     <span class='ocr_line' id='line_1_29' title="bbox 151 1689 953 1746; baseline -0.002 -13"><span class='ocrx_word' id='word_1_117' title='bbox 151 1689 207 1732; x_wconf 82' lang='lat' dir='ltr'>sae</span> <span class='ocrx_word' id='word_1_118' title='bbox 245 1703 256 1733; x_wconf 75' lang='grc' dir='ltr'><strong>ε</strong></span> <span class='ocrx_word' id='word_1_119' title='bbox 295 1691 371 1746; x_wconf 90' lang='lat' dir='ltr'>qui</span> <span class='ocrx_word' id='word_1_120' title='bbox 426 1691 636 1733; x_wconf 91' lang='lat' dir='ltr'>Heraclio</span> <span class='ocrx_word' id='word_1_121' title='bbox 686 1692 953 1745; x_wconf 84' lang='lat' dir='ltr'>imperatore</span> 
     </span>
     <span class='ocr_line' id='line_1_30' title="bbox 149 1746 954 1804; baseline -0.001 -14"><span class='ocrx_word' id='word_1_122' title='bbox 149 1761 251 1791; x_wconf 90' lang='lat' dir='ltr'>cum</span> <span class='ocrx_word' id='word_1_123' title='bbox 275 1748 602 1804; x_wconf 83' lang='lat' dir='ltr'>lerosolymam,</span> <span class='ocrx_word' id='word_1_124' title='bbox 618 1755 664 1791; x_wconf 89' lang='lat' dir='ltr'>et</span> <span class='ocrx_word' id='word_1_125' title='bbox 686 1748 782 1791; x_wconf 92' lang='lat' dir='ltr'>loca</span> <span class='ocrx_word' id='word_1_126' title='bbox 804 1746 954 1790; x_wconf 59' lang='lat' dir='ltr'>saneta</span> 
     </span>
     <span class='ocr_line' id='line_1_31' title="bbox 149 1806 954 1849; baseline 0 -2"><span class='ocrx_word' id='word_1_127' title='bbox 149 1806 303 1849; x_wconf 89' lang='lat' dir='ltr'>visisset</span> <span class='ocrx_word' id='word_1_128' title='bbox 335 1813 466 1849; x_wconf 83' lang='lat' dir='ltr'>extra</span> <span class='ocrx_word' id='word_1_129' title='bbox 505 1807 730 1849; x_wconf 90' lang='lat' dir='ltr'>castellum</span> <span class='ocrx_word' id='word_1_130' title='bbox 773 1806 954 1848; x_wconf 90' lang='lat' dir='ltr'>Bethsa-</span> 
     </span>
     <span class='ocr_line' id='line_1_32' title="bbox 153 1863 955 1919; baseline -0.001 -13"><span class='ocrx_word' id='word_1_131' title='bbox 153 1863 239 1906; x_wconf 90' lang='lat' dir='ltr'>lem</span> <span class='ocrx_word' id='word_1_132' title='bbox 280 1879 381 1907; x_wconf 90' lang='lat' dir='ltr'>cum</span> <span class='ocrx_word' id='word_1_133' title='bbox 424 1865 657 1919; x_wconf 86' lang='lat' dir='ltr'>sexaginta</span> <span class='ocrx_word' id='word_1_134' title='bbox 697 1864 955 1915; x_wconf 90' lang='lat' dir='ltr'>christianis,</span> 
     </span>
     <span class='ocr_line' id='line_1_33' title="bbox 151 1922 952 1977; baseline 0 -13"><span class='ocrx_word' id='word_1_135' title='bbox 151 1922 226 1977; x_wconf 90' lang='lat' dir='ltr'>qui</span> <span class='ocrx_word' id='word_1_136' title='bbox 257 1936 284 1965; x_wconf 93' lang='lat' dir='ltr'>a</span> <span class='ocrx_word' id='word_1_137' title='bbox 316 1922 514 1966; x_wconf 87' lang='lat' dir='ltr'>Caesarea</span> <span class='ocrx_word' id='word_1_138' title='bbox 551 1922 778 1965; x_wconf 87' lang='lat' dir='ltr'>Palestinae</span> <span class='ocrx_word' id='word_1_139' title='bbox 813 1923 952 1977; x_wconf 91' lang='lat' dir='ltr'>ipsum</span> 
     </span>
     <span class='ocr_line' id='line_1_34' title="bbox 154 1979 956 2036; baseline 0 -14"><span class='ocrx_word' id='word_1_140' title='bbox 154 1979 327 2023; x_wconf 83' lang='lat' dir='ltr'>fuerant</span> <span class='ocrx_word' id='word_1_141' title='bbox 343 1981 489 2030; x_wconf 90' lang='lat' dir='ltr'>secuti,</span> <span class='ocrx_word' id='word_1_142' title='bbox 508 1981 616 2023; x_wconf 88' lang='lat' dir='ltr'>iussu</span> <span class='ocrx_word' id='word_1_143' title='bbox 634 1981 749 2036; x_wconf 89' lang='lat' dir='ltr'>regis</span> <span class='ocrx_word' id='word_1_144' title='bbox 764 1980 956 2024; x_wconf 90' lang='lat' dir='ltr'>Cosdroe</span> 
     </span>
     <span class='ocr_line' id='line_1_35' title="bbox 154 2036 563 2094; baseline 0.002 -14"><span class='ocrx_word' id='word_1_145' title='bbox 154 2036 236 2081; x_wconf 81' lang='lat' dir='ltr'>fuit</span> <span class='ocrx_word' id='word_1_146' title='bbox 257 2038 563 2094; x_wconf 69' lang='lat' dir='ltr'>strangulatus</span> 
     </span>
    </p>
   </div>
   <div class='ocr_carea' id='block_1_11' title="bbox 478 2140 643 2184">
    <p class='ocr_par' dir='ltr' id='par_1_12' title="bbox 478 2140 643 2184">
     <span class='ocr_line' id='line_1_36' title="bbox 478 2140 643 2184; baseline -0.006 0"><span class='ocrx_word' id='word_1_147' title='bbox 478 2140 643 2184; x_wconf 81' lang='lat' dir='ltr'>Oratio.</span> 
     </span>
    </p>
   </div>
   <div class='ocr_carea' id='block_1_12' title="bbox 155 2223 957 2614">
    <p class='ocr_par' dir='ltr' id='par_1_13' title="bbox 155 2223 957 2309">
     <span class='ocr_line' id='line_1_37' title="bbox 155 2223 957 2309; baseline 0 -42"><span class='ocrx_word' id='word_1_148' title='bbox 155 2223 352 2309; x_wconf 82' lang='lat' dir='ltr'>ADesto</span> <span class='ocrx_word' id='word_1_149' title='bbox 395 2225 578 2267; x_wconf 90' lang='lat' dir='ltr'>domine</span> <span class='ocrx_word' id='word_1_150' title='bbox 630 2225 957 2280; x_wconf 86' lang='lat' dir='ltr'>supplicationi-</span> 
     </span>
    </p>

    <p class='ocr_par' dir='ltr' id='par_1_14' title="bbox 155 2283 957 2614">
     <span class='ocr_line' id='line_1_38' title="bbox 267 2283 955 2338; baseline 0 -13"><span class='ocrx_word' id='word_1_151' title='bbox 267 2283 348 2325; x_wconf 89' lang='lat' dir='ltr'>bus</span> <span class='ocrx_word' id='word_1_152' title='bbox 371 2283 537 2334; x_wconf 89' lang='lat' dir='ltr'>nostris,</span> <span class='ocrx_word' id='word_1_153' title='bbox 552 2290 600 2326; x_wconf 88' lang='lat' dir='ltr'>vt</span> <span class='ocrx_word' id='word_1_154' title='bbox 618 2285 693 2338; x_wconf 91' lang='lat' dir='ltr'>qui</span> <span class='ocrx_word' id='word_1_155' title='bbox 715 2297 774 2325; x_wconf 89' lang='lat' dir='ltr'>ex</span> <span class='ocrx_word' id='word_1_156' title='bbox 798 2284 955 2338; x_wconf 90' lang='lat' dir='ltr'>iniqui-</span> 
     </span>
     <span class='ocr_line' id='line_1_39' title="bbox 156 2341 957 2396; baseline 0.001 -14"><span class='ocrx_word' id='word_1_157' title='bbox 156 2345 249 2382; x_wconf 86' lang='lat' dir='ltr'>tate</span> <span class='ocrx_word' id='word_1_158' title='bbox 274 2341 419 2383; x_wconf 89' lang='lat' dir='ltr'>nostra</span> <span class='ocrx_word' id='word_1_159' title='bbox 447 2355 544 2383; x_wconf 91' lang='lat' dir='ltr'>reos</span> <span class='ocrx_word' id='word_1_160' title='bbox 571 2355 651 2383; x_wconf 90' lang='lat' dir='ltr'>nos</span> <span class='ocrx_word' id='word_1_161' title='bbox 680 2341 764 2383; x_wconf 91' lang='lat' dir='ltr'>esse</span> <span class='ocrx_word' id='word_1_162' title='bbox 792 2355 957 2396; x_wconf 87' lang='lat' dir='ltr'>cogno-</span> 
     </span>
     <span class='ocr_line' id='line_1_40' title="bbox 156 2396 954 2453; baseline 0.004 -14"><span class='ocrx_word' id='word_1_163' title='bbox 156 2396 312 2440; x_wconf 91' lang='lat' dir='ltr'>scimus</span> <span class='ocrx_word' id='word_1_164' title='bbox 367 2415 376 2441; x_wconf 94' lang='lat'><strong>:</strong></span> <span class='ocrx_word' id='word_1_165' title='bbox 424 2399 656 2442; x_wconf 88' lang='lat' dir='ltr'>beatorum</span> <span class='ocrx_word' id='word_1_166' title='bbox 709 2405 954 2453; x_wconf 87' lang='lat' dir='ltr'>martyrum</span> 
     </span>
     <span class='ocr_line' id='line_1_41' title="bbox 155 2456 954 2511; baseline 0.003 -14"><span class='ocrx_word' id='word_1_167' title='bbox 155 2460 331 2498; x_wconf 88' lang='lat' dir='ltr'>tuorum</span> <span class='ocrx_word' id='word_1_168' title='bbox 373 2456 597 2511; x_wconf 88' lang='lat' dir='ltr'>Vincentij</span> <span class='ocrx_word' id='word_1_169' title='bbox 641 2463 687 2499; x_wconf 89' lang='lat' dir='ltr'>et</span> <span class='ocrx_word' id='word_1_170' title='bbox 737 2456 954 2511; x_wconf 88' lang='lat' dir='ltr'>Anastasij</span> 
     </span>
     <span class='ocr_line' id='line_1_42' title="bbox 157 2512 956 2580; baseline 0.003 -25"><span class='ocrx_word' id='word_1_171' title='bbox 157 2512 455 2580; x_wconf 69' lang='lat' dir='ltr'>intercessione</span> <span class='ocrx_word' id='word_1_172' title='bbox 477 2514 714 2557; x_wconf 86' lang='lat' dir='ltr'>liberemur</span> <span class='ocrx_word' id='word_1_173' title='bbox 735 2529 746 2557; x_wconf 74' lang='grc' dir='ltr'><strong><em>ι</em></strong></span> <span class='ocrx_word' id='word_1_174' title='bbox 774 2529 852 2570; x_wconf 89' lang='lat' dir='ltr'>per</span> <span class='ocrx_word' id='word_1_175' title='bbox 877 2516 956 2557; x_wconf 90' lang='lat' dir='ltr'>do-</span> 
     </span>
     <span class='ocr_line' id='line_1_43' title="bbox 161 2583 342 2614; baseline 0.006 -2"><span class='ocrx_word' id='word_1_176' title='bbox 161 2583 342 2614; x_wconf 89' lang='lat' dir='ltr'>minum.</span> 
     </span>
    </p>
   </div>
   <div class='ocr_carea' id='block_1_13' title="bbox 187 2683 930 2787">
    <p class='ocr_par' dir='ltr' id='par_1_15' title="bbox 187 2683 930 2787">
     <span class='ocr_line' id='line_1_44' title="bbox 187 2683 930 2741; baseline 0.004 -15"><span class='ocrx_word' id='word_1_177' title='bbox 187 2685 232 2733; x_wconf 76' lang='grc' dir='ltr'>ΙΙ</span> <span class='ocrx_word' id='word_1_178' title='bbox 262 2683 508 2727; x_wconf 77' lang='lat' dir='ltr'>Timotheus</span> <span class='ocrx_word' id='word_1_179' title='bbox 525 2686 732 2741; x_wconf 63' lang='lat' dir='ltr'>episcopus</span> <span class='ocrx_word' id='word_1_180' title='bbox 754 2693 930 2740; x_wconf 78' lang='lat' dir='ltr'>martyr.</span> 
     </span>
     <span class='ocr_line' id='line_1_45' title="bbox 391 2743 720 2787; baseline 0.006 -2"><span class='ocrx_word' id='word_1_181' title='bbox 391 2743 538 2786; x_wconf 67' lang='lat' dir='ltr'>LeHio</span> <span class='ocrx_word' id='word_1_182' title='bbox 560 2743 720 2787; x_wconf 81' lang='lat' dir='ltr'>tertia¹.</span> 
     </span>
    </p>
   </div>
   <div class='ocr_carea' id='block_1_14' title="bbox 161 2826 962 2932">
    <p class='ocr_par' dir='ltr' id='par_1_16' title="bbox 161 2826 962 2932">
     <span class='ocr_line' id='line_1_46' title="bbox 161 2826 962 2911; baseline 0.004 -40"><span class='ocrx_word' id='word_1_183' title='bbox 161 2826 476 2911; x_wconf 75' lang='lat' dir='ltr'>Tlmotheus</span> <span class='ocrx_word' id='word_1_184' title='bbox 500 2830 667 2885; x_wconf 85' lang='lat' dir='ltr'>Lystris</span> <span class='ocrx_word' id='word_1_185' title='bbox 684 2831 853 2887; x_wconf 91' lang='lat' dir='ltr'>oppido</span> <span class='ocrx_word' id='word_1_186' title='bbox 872 2831 962 2885; x_wconf 92' lang='lat' dir='ltr'>Ly-</span> 
     </span>
     <span class='ocr_line' id='line_1_47' title="bbox 291 2890 961 2932; baseline 0.004 -4"><span class='ocrx_word' id='word_1_187' title='bbox 291 2899 460 2929; x_wconf 84' lang='lat' dir='ltr'>caoniae</span> <span class='ocrx_word' id='word_1_188' title='bbox 511 2894 643 2931; x_wconf 86' lang='lat' dir='ltr'>natus</span> <span class='ocrx_word' id='word_1_189' title='bbox 693 2903 752 2931; x_wconf 86' lang='lat' dir='ltr'>cx</span> <span class='ocrx_word' id='word_1_190' title='bbox 806 2890 961 2932; x_wconf 82' lang='lat' dir='ltr'>Iudaea</span> 
     </span>
    </p>
   </div>
   <div class='ocr_carea' id='block_1_15' title="bbox 229 2986 527 3079">
    <p class='ocr_par' dir='ltr' id='par_1_17' title="bbox 229 2986 527 3079">
     <span class='ocr_line' id='line_1_48' title="bbox 231 2986 362 3010; baseline 0 0"><span class='ocrx_word' id='word_1_191' title='bbox 231 2986 243 3010; x_wconf 91' lang='grc' dir='ltr'><strong>ι</strong></span> <span class='ocrx_word' id='word_1_192' title='bbox 322 2988 330 2995; x_wconf 93' lang='grc'><em>·</em></span> <span class='ocrx_word' id='word_1_193' title='bbox 354 3001 362 3010; x_wconf 95' lang='grc'><strong>.</strong></span> 
     </span>
     <span class='ocr_line' id='line_1_49' title="bbox 229 2990 527 3079; baseline 0.007 -8"><span class='ocrx_word' id='word_1_194' title='bbox 229 3033 244 3057; x_wconf 77' lang='lat'>⁸</span> <span class='ocrx_word' id='word_1_195' title='bbox 267 2998 331 3072; x_wconf 59' lang='lat' dir='ltr'>gissei</span> <span class='ocrx_word' id='word_1_196' title='bbox 346 2990 527 3079; x_wconf 43' lang='grc' dir='ltr'>241.);’ἲ.νη.</span> 
     </span>
    </p>
   </div>
   <div class='ocr_carea' id='block_1_16' title="bbox 1743 220 1823 262">
    <p class='ocr_par' dir='ltr' id='par_1_18' title="bbox 1743 220 1823 262">
     <span class='ocr_line' id='line_1_50' title="bbox 1743 220 1823 262; baseline 0.025 -13"><span class='ocrx_word' id='word_1_197' title='bbox 1743 220 1823 262; x_wconf 79' lang='lat'>¹09</span> 
     </span>
    </p>
   </div>
   <div class='ocr_carea' id='block_1_17' title="bbox 1017 296 1828 2319">
    <p class='ocr_par' dir='ltr' id='par_1_19' title="bbox 1017 296 1827 1103">
     <span class='ocr_line' id='line_1_51' title="bbox 1018 296 1822 351; baseline 0.001 -13"><span class='ocrx_word' id='word_1_198' title='bbox 1018 302 1171 348; x_wconf 86' lang='lat' dir='ltr'>matre,</span> <span class='ocrx_word' id='word_1_199' title='bbox 1190 302 1235 338; x_wconf 93' lang='lat' dir='ltr'>et</span> <span class='ocrx_word' id='word_1_200' title='bbox 1255 302 1381 350; x_wconf 88' lang='lat' dir='ltr'>patre</span> <span class='ocrx_word' id='word_1_201' title='bbox 1402 296 1555 351; x_wconf 84' lang='lat' dir='ltr'>gentili</span> <span class='ocrx_word' id='word_1_202' title='bbox 1579 297 1822 340; x_wconf 82' lang='lat' dir='ltr'>christianae</span> 
     </span>
     <span class='ocr_line' id='line_1_52' title="bbox 1019 354 1823 409; baseline -0.001 -13"><span class='ocrx_word' id='word_1_203' title='bbox 1019 354 1245 409; x_wconf 86' lang='lat' dir='ltr'>religionis</span> <span class='ocrx_word' id='word_1_204' title='bbox 1261 354 1404 396; x_wconf 90' lang='lat' dir='ltr'>cultor</span> <span class='ocrx_word' id='word_1_205' title='bbox 1419 361 1526 403; x_wconf 89' lang='lat' dir='ltr'>erat,</span> <span class='ocrx_word' id='word_1_206' title='bbox 1541 368 1642 396; x_wconf 90' lang='lat' dir='ltr'>cum</span> <span class='ocrx_word' id='word_1_207' title='bbox 1660 355 1823 397; x_wconf 83' lang='lat' dir='ltr'>Paulus</span> 
     </span>
     <span class='ocr_line' id='line_1_53' title="bbox 1019 411 1823 466; baseline 0.001 -13"><span class='ocrx_word' id='word_1_208' title='bbox 1019 413 1063 453; x_wconf 93' lang='lat' dir='ltr'>in</span> <span class='ocrx_word' id='word_1_209' title='bbox 1086 426 1140 454; x_wconf 92' lang='lat' dir='ltr'>ea</span> <span class='ocrx_word' id='word_1_210' title='bbox 1162 412 1260 453; x_wconf 90' lang='lat' dir='ltr'>loca</span> <span class='ocrx_word' id='word_1_211' title='bbox 1282 412 1497 466; x_wconf 91' lang='lat' dir='ltr'>peruenit.</span> <span class='ocrx_word' id='word_1_212' title='bbox 1559 411 1647 466; x_wconf 81' lang='lat' dir='ltr'>Qui</span> <span class='ocrx_word' id='word_1_213' title='bbox 1676 419 1823 454; x_wconf 90' lang='lat' dir='ltr'>motus</span> 
     </span>
     <span class='ocr_line' id='line_1_54' title="bbox 1017 467 1826 523; baseline 0 -12"><span class='ocrx_word' id='word_1_214' title='bbox 1017 470 1246 511; x_wconf 90' lang='lat' dir='ltr'>Timothei</span> <span class='ocrx_word' id='word_1_215' title='bbox 1288 467 1533 519; x_wconf 71' lang='lat' dir='ltr'>sanffltate,</span> <span class='ocrx_word' id='word_1_216' title='bbox 1574 476 1619 511; x_wconf 91' lang='lat' dir='ltr'>et</span> <span class='ocrx_word' id='word_1_217' title='bbox 1654 470 1826 523; x_wconf 86' lang='lat' dir='ltr'>optima</span> 
     </span>
     <span class='ocr_line' id='line_1_55' title="bbox 1018 525 1825 582; baseline 0 -13"><span class='ocrx_word' id='word_1_218' title='bbox 1018 528 1152 577; x_wconf 86' lang='lat' dir='ltr'>sama,</span> <span class='ocrx_word' id='word_1_219' title='bbox 1170 525 1282 582; x_wconf 76' lang='lat' dir='ltr'>qua⁸</span> <span class='ocrx_word' id='word_1_220' title='bbox 1303 527 1421 569; x_wconf 90' lang='lat' dir='ltr'>idem</span> <span class='ocrx_word' id='word_1_221' title='bbox 1441 528 1555 569; x_wconf 88' lang='lat' dir='ltr'>inter</span> <span class='ocrx_word' id='word_1_222' title='bbox 1571 527 1825 569; x_wconf 84' lang='lat' dir='ltr'>christianos</span> 
     </span>
     <span class='ocr_line' id='line_1_56' title="bbox 1019 583 1825 636; baseline 0 -10"><span class='ocrx_word' id='word_1_223' title='bbox 1019 586 1134 627; x_wconf 90' lang='lat' dir='ltr'>illius</span> <span class='ocrx_word' id='word_1_224' title='bbox 1149 583 1316 627; x_wconf 63' lang='lat' dir='ltr'>traGtus</span> <span class='ocrx_word' id='word_1_225' title='bbox 1333 583 1825 636; x_wconf 87' lang='lat' dir='ltr'>celebrabatur⁴,asciuit</span> 
     </span>
     <span class='ocr_line' id='line_1_57' title="bbox 1019 643 1825 698; baseline -0.001 -13"><span class='ocrx_word' id='word_1_226' title='bbox 1019 643 1160 698; x_wconf 89' lang='lat' dir='ltr'>ipsum</span> <span class='ocrx_word' id='word_1_227' title='bbox 1203 643 1366 685; x_wconf 89' lang='lat' dir='ltr'>socium</span> <span class='ocrx_word' id='word_1_228' title='bbox 1408 649 1453 685; x_wconf 88' lang='lat' dir='ltr'>et</span> <span class='ocrx_word' id='word_1_229' title='bbox 1494 643 1704 685; x_wconf 91' lang='lat' dir='ltr'>comitem</span> <span class='ocrx_word' id='word_1_230' title='bbox 1740 643 1825 685; x_wconf 80' lang='lat' dir='ltr'>suae</span> 
     </span>
     <span class='ocr_line' id='line_1_58' title="bbox 1019 700 1826 756; baseline 0 -14"><span class='ocrx_word' id='word_1_231' title='bbox 1019 701 1399 756; x_wconf 81' lang='lat' dir='ltr'>peregrinationis.</span> <span class='ocrx_word' id='word_1_232' title='bbox 1477 700 1548 743; x_wconf 91' lang='lat' dir='ltr'>Ac</span> <span class='ocrx_word' id='word_1_233' title='bbox 1590 714 1646 743; x_wconf 91' lang='lat' dir='ltr'>ne</span> <span class='ocrx_word' id='word_1_234' title='bbox 1687 701 1826 742; x_wconf 82' lang='lat' dir='ltr'>offen-</span> 
     </span>
     <span class='ocr_line' id='line_1_59' title="bbox 1019 759 1827 813; baseline -0.001 -12"><span class='ocrx_word' id='word_1_235' title='bbox 1019 760 1241 809; x_wconf 88' lang='lat' dir='ltr'>derentur,</span> <span class='ocrx_word' id='word_1_236' title='bbox 1269 759 1344 813; x_wconf 92' lang='lat' dir='ltr'>qui</span> <span class='ocrx_word' id='word_1_237' title='bbox 1380 773 1438 800; x_wconf 84' lang='lat' dir='ltr'>ex</span> <span class='ocrx_word' id='word_1_238' title='bbox 1473 759 1687 800; x_wconf 90' lang='lat' dir='ltr'>iudaismo</span> <span class='ocrx_word' id='word_1_239' title='bbox 1723 773 1827 800; x_wconf 89' lang='lat' dir='ltr'>con-</span> 
     </span>
     <span class='ocr_line' id='line_1_60' title="bbox 1019 817 1825 866; baseline -0.002 -8"><span class='ocrx_word' id='word_1_240' title='bbox 1019 817 1125 858; x_wconf 85' lang='lat' dir='ltr'>uersi</span> <span class='ocrx_word' id='word_1_241' title='bbox 1149 817 1322 858; x_wconf 87' lang='lat' dir='ltr'>fuerant</span> <span class='ocrx_word' id='word_1_242' title='bbox 1344 817 1401 858; x_wconf 93' lang='lat' dir='ltr'>ad</span> <span class='ocrx_word' id='word_1_243' title='bbox 1424 817 1655 866; x_wconf 88' lang='lat' dir='ltr'>Christum,</span> <span class='ocrx_word' id='word_1_244' title='bbox 1672 817 1825 858; x_wconf 88' lang='lat' dir='ltr'>Timo-</span> 
     </span>
     <span class='ocr_line' id='line_1_61' title="bbox 1017 874 1825 929; baseline 0 -13"><span class='ocrx_word' id='word_1_245' title='bbox 1017 876 1263 929; x_wconf 80' lang='lat' dir='ltr'>theumque</span> <span class='ocrx_word' id='word_1_246' title='bbox 1304 881 1522 916; x_wconf 89' lang='lat' dir='ltr'>nouerant</span> <span class='ocrx_word' id='word_1_247' title='bbox 1564 874 1702 916; x_wconf 87' lang='lat' dir='ltr'>filiurn</span> <span class='ocrx_word' id='word_1_248' title='bbox 1740 875 1825 916; x_wconf 85' lang='lat' dir='ltr'>esse</span> 
     </span>
     <span class='ocr_line' id='line_1_62' title="bbox 1019 933 1826 987; baseline 0 -13"><span class='ocrx_word' id='word_1_249' title='bbox 1019 933 1157 987; x_wconf 87' lang='lat' dir='ltr'>patris</span> <span class='ocrx_word' id='word_1_250' title='bbox 1179 933 1368 987; x_wconf 85' lang='lat' dir='ltr'>gentilis,</span> <span class='ocrx_word' id='word_1_251' title='bbox 1393 933 1533 986; x_wconf 88' lang='lat' dir='ltr'>ipsum</span> <span class='ocrx_word' id='word_1_252' title='bbox 1555 933 1826 983; x_wconf 89' lang='lat' dir='ltr'>circuncidit‚</span> 
     </span>
     <span class='ocr_line' id='line_1_63' title="bbox 1018 990 1824 1045; baseline 0 -13"><span class='ocrx_word' id='word_1_253' title='bbox 1018 991 1138 1045; x_wconf 91' lang='lat' dir='ltr'>quod</span> <span class='ocrx_word' id='word_1_254' title='bbox 1161 990 1323 1032; x_wconf 89' lang='lat' dir='ltr'>licebat</span> <span class='ocrx_word' id='word_1_255' title='bbox 1345 992 1490 1032; x_wconf 92' lang='lat' dir='ltr'>adhuc</span> <span class='ocrx_word' id='word_1_256' title='bbox 1506 991 1706 1032; x_wconf 90' lang='lat' dir='ltr'>nondum</span> <span class='ocrx_word' id='word_1_257' title='bbox 1721 991 1824 1032; x_wconf 85' lang='lat' dir='ltr'>satis</span> 
     </span>
     <span class='ocr_line' id='line_1_64' title="bbox 1018 1049 1572 1103; baseline 0 -13"><span class='ocrx_word' id='word_1_258' title='bbox 1018 1049 1252 1103; x_wconf 88' lang='lat' dir='ltr'>euangelio</span> <span class='ocrx_word' id='word_1_259' title='bbox 1274 1049 1572 1103; x_wconf 87' lang='lat' dir='ltr'>promulgato.</span> 
     </span>
    </p>

    <p class='ocr_par' dir='ltr' id='par_1_20' title="bbox 1020 1106 1828 2319">
     <span class='ocr_line' id='line_1_65' title="bbox 1078 1106 1824 1161; baseline -0.001 -12"><span class='ocrx_word' id='word_1_260' title='bbox 1078 1107 1192 1149; x_wconf 88' lang='lat' dir='ltr'>Cum</span> <span class='ocrx_word' id='word_1_261' title='bbox 1207 1112 1356 1148; x_wconf 91' lang='lat' dir='ltr'>autem</span> <span class='ocrx_word' id='word_1_262' title='bbox 1372 1107 1665 1160; x_wconf 87' lang='lat' dir='ltr'>peruenissent</span> <span class='ocrx_word' id='word_1_263' title='bbox 1675 1106 1824 1161; x_wconf 90' lang='lat' dir='ltr'>Ephe-</span> 
     </span>
     <span class='ocr_line' id='line_1_66' title="bbox 1020 1164 1824 1212; baseline 0.001 -7"><span class='ocrx_word' id='word_1_264' title='bbox 1020 1164 1124 1212; x_wconf 88' lang='lat' dir='ltr'>sum,</span> <span class='ocrx_word' id='word_1_265' title='bbox 1148 1165 1314 1206; x_wconf 89' lang='lat' dir='ltr'>ibidem</span> <span class='ocrx_word' id='word_1_266' title='bbox 1340 1165 1606 1206; x_wconf 90' lang='lat' dir='ltr'>Timotheus</span> <span class='ocrx_word' id='word_1_267' title='bbox 1629 1164 1655 1206; x_wconf 73' lang='grc' dir='ltr'>ὲ</span> <span class='ocrx_word' id='word_1_268' title='bbox 1685 1165 1824 1206; x_wconf 90' lang='lat' dir='ltr'>Paulo</span> 
     </span>
     <span class='ocr_line' id='line_1_67' title="bbox 1020 1220 1826 1272; baseline -0.001 -8"><span class='ocrx_word' id='word_1_269' title='bbox 1020 1221 1199 1264; x_wconf 60' lang='lat' dir='ltr'>relictus</span> <span class='ocrx_word' id='word_1_270' title='bbox 1216 1222 1288 1272; x_wconf 87' lang='lat' dir='ltr'>est,</span> <span class='ocrx_word' id='word_1_271' title='bbox 1305 1228 1353 1264; x_wconf 92' lang='lat' dir='ltr'>vt</span> <span class='ocrx_word' id='word_1_272' title='bbox 1370 1222 1596 1264; x_wconf 88' lang='lat' dir='ltr'>ecclesiam</span> <span class='ocrx_word' id='word_1_273' title='bbox 1613 1220 1826 1272; x_wconf 68' lang='lat' dir='ltr'>doCtrina,</span> 
     </span>
     <span class='ocr_line' id='line_1_68' title="bbox 1021 1280 1828 1335; baseline 0 -13"><span class='ocrx_word' id='word_1_274' title='bbox 1021 1280 1322 1335; x_wconf 87' lang='lat' dir='ltr'>exemploque</span> <span class='ocrx_word' id='word_1_275' title='bbox 1345 1281 1527 1322; x_wconf 87' lang='lat' dir='ltr'>iuuaret.</span> <span class='ocrx_word' id='word_1_276' title='bbox 1579 1281 1669 1323; x_wconf 91' lang='lat' dir='ltr'>Vbi</span> <span class='ocrx_word' id='word_1_277' title='bbox 1695 1281 1828 1322; x_wconf 89' lang='lat' dir='ltr'>Ioan-</span> 
     </span>
     <span class='ocr_line' id='line_1_69' title="bbox 1022 1338 1826 1392; baseline 0 -12"><span class='ocrx_word' id='word_1_278' title='bbox 1022 1352 1124 1380; x_wconf 92' lang='lat' dir='ltr'>nem</span> <span class='ocrx_word' id='word_1_279' title='bbox 1147 1338 1463 1392; x_wconf 85' lang='lat' dir='ltr'>euangelistam</span> <span class='ocrx_word' id='word_1_280' title='bbox 1489 1338 1661 1380; x_wconf 89' lang='lat' dir='ltr'>audiuit</span> <span class='ocrx_word' id='word_1_281' title='bbox 1687 1352 1695 1380; x_wconf 93' lang='lat'>:</span> <span class='ocrx_word' id='word_1_282' title='bbox 1718 1338 1826 1380; x_wconf 92' lang='lat' dir='ltr'>eius-</span> 
     </span>
     <span class='ocr_line' id='line_1_70' title="bbox 1021 1396 1827 1451; baseline 0 -14"><span class='ocrx_word' id='word_1_283' title='bbox 1021 1397 1215 1451; x_wconf 91' lang='lat' dir='ltr'>demque</span> <span class='ocrx_word' id='word_1_284' title='bbox 1243 1397 1286 1437; x_wconf 90' lang='lat' dir='ltr'>in</span> <span class='ocrx_word' id='word_1_285' title='bbox 1321 1396 1512 1438; x_wconf 90' lang='lat' dir='ltr'>Pathmo</span> <span class='ocrx_word' id='word_1_286' title='bbox 1545 1396 1683 1438; x_wconf 89' lang='lat' dir='ltr'>insula</span> <span class='ocrx_word' id='word_1_287' title='bbox 1716 1410 1827 1438; x_wconf 87' lang='lat' dir='ltr'>exu-</span> 
     </span>
     <span class='ocr_line' id='line_1_71' title="bbox 1022 1452 1827 1508; baseline 0 -13"><span class='ocrx_word' id='word_1_288' title='bbox 1022 1454 1154 1496; x_wconf 90' lang='lat' dir='ltr'>lantis</span> <span class='ocrx_word' id='word_1_289' title='bbox 1175 1454 1320 1495; x_wconf 92' lang='lat' dir='ltr'>vicem</span> <span class='ocrx_word' id='word_1_290' title='bbox 1348 1452 1619 1504; x_wconf 69' lang='lat' dir='ltr'>sanctissime,</span> <span class='ocrx_word' id='word_1_291' title='bbox 1647 1468 1698 1496; x_wconf 86' lang='lat' dir='ltr'>ac</span> <span class='ocrx_word' id='word_1_292' title='bbox 1725 1468 1827 1508; x_wconf 91' lang='lat' dir='ltr'>pru-</span> 
     </span>
     <span class='ocr_line' id='line_1_72' title="bbox 1021 1512 1827 1565; baseline -0.001 -11"><span class='ocrx_word' id='word_1_293' title='bbox 1021 1512 1269 1554; x_wconf 89' lang='lat' dir='ltr'>dentissime</span> <span class='ocrx_word' id='word_1_294' title='bbox 1290 1513 1425 1565; x_wconf 89' lang='lat' dir='ltr'>gessit.</span> <span class='ocrx_word' id='word_1_295' title='bbox 1476 1512 1552 1553; x_wconf 89' lang='lat' dir='ltr'>Ad</span> <span class='ocrx_word' id='word_1_296' title='bbox 1575 1512 1692 1554; x_wconf 92' lang='lat' dir='ltr'>hunc</span> <span class='ocrx_word' id='word_1_297' title='bbox 1716 1513 1827 1553; x_wconf 91' lang='lat' dir='ltr'>Pau-</span> 
     </span>
     <span class='ocr_line' id='line_1_73' title="bbox 1022 1568 1826 1624; baseline 0 -12"><span class='ocrx_word' id='word_1_298' title='bbox 1022 1570 1089 1612; x_wconf 91' lang='lat' dir='ltr'>lus</span> <span class='ocrx_word' id='word_1_299' title='bbox 1121 1577 1169 1612; x_wconf 92' lang='lat' dir='ltr'>vt</span> <span class='ocrx_word' id='word_1_300' title='bbox 1210 1568 1423 1620; x_wconf 59' lang='lat' dir='ltr'>dofftrina,</span> <span class='ocrx_word' id='word_1_301' title='bbox 1456 1584 1544 1624; x_wconf 89' lang='lat' dir='ltr'>qua</span> <span class='ocrx_word' id='word_1_302' title='bbox 1580 1570 1826 1624; x_wconf 89' lang='lat' dir='ltr'>presentem</span> 
     </span>
     <span class='ocr_line' id='line_1_74' title="bbox 1023 1627 1828 1683; baseline 0 -14"><span class='ocrx_word' id='word_1_303' title='bbox 1023 1627 1280 1678; x_wconf 87' lang='lat' dir='ltr'>instituerat,</span> <span class='ocrx_word' id='word_1_304' title='bbox 1293 1627 1518 1669; x_wconf 89' lang='lat' dir='ltr'>absentem</span> <span class='ocrx_word' id='word_1_305' title='bbox 1533 1642 1710 1683; x_wconf 90' lang='lat' dir='ltr'>quoque</span> <span class='ocrx_word' id='word_1_306' title='bbox 1724 1642 1828 1670; x_wconf 91' lang='lat' dir='ltr'>con-</span> 
     </span>
     <span class='ocr_line' id='line_1_75' title="bbox 1022 1685 1827 1741; baseline 0 -14"><span class='ocrx_word' id='word_1_307' title='bbox 1022 1686 1230 1735; x_wconf 90' lang='lat' dir='ltr'>firmaret,</span> <span class='ocrx_word' id='word_1_308' title='bbox 1263 1686 1376 1727; x_wconf 91' lang='lat' dir='ltr'>duas</span> <span class='ocrx_word' id='word_1_309' title='bbox 1416 1685 1622 1740; x_wconf 90' lang='lat' dir='ltr'>epistolas</span> <span class='ocrx_word' id='word_1_310' title='bbox 1654 1686 1827 1741; x_wconf 84' lang='lat' dir='ltr'>scripsit,</span> 
     </span>
     <span class='ocr_line' id='line_1_76' title="bbox 1022 1742 1827 1793; baseline -0.001 -7"><span class='ocrx_word' id='word_1_311' title='bbox 1022 1744 1207 1786; x_wconf 90' lang='lat' dir='ltr'>alteram</span> <span class='ocrx_word' id='word_1_312' title='bbox 1240 1742 1266 1785; x_wconf 77' lang='grc' dir='ltr'>ὲ</span> <span class='ocrx_word' id='word_1_313' title='bbox 1294 1744 1530 1793; x_wconf 82' lang='lat' dir='ltr'>Laodicea,</span> <span class='ocrx_word' id='word_1_314' title='bbox 1551 1744 1739 1786; x_wconf 89' lang='lat' dir='ltr'>alteram</span> <span class='ocrx_word' id='word_1_315' title='bbox 1769 1745 1827 1785; x_wconf 89' lang='lat' dir='ltr'>ab</span> 
     </span>
     <span class='ocr_line' id='line_1_77' title="bbox 1022 1801 1828 1844; baseline 0 0"><span class='ocrx_word' id='word_1_316' title='bbox 1022 1802 1128 1844; x_wconf 87' lang='lat' dir='ltr'>vrbe</span> <span class='ocrx_word' id='word_1_317' title='bbox 1173 1802 1329 1844; x_wconf 90' lang='lat' dir='ltr'>Roma.</span> <span class='ocrx_word' id='word_1_318' title='bbox 1408 1801 1632 1844; x_wconf 88' lang='lat' dir='ltr'>Postremo</span> <span class='ocrx_word' id='word_1_319' title='bbox 1675 1803 1828 1844; x_wconf 91' lang='lat' dir='ltr'>Timo-</span> 
     </span>
     <span class='ocr_line' id='line_1_78' title="bbox 1023 1859 1828 1902; baseline 0 -1"><span class='ocrx_word' id='word_1_320' title='bbox 1023 1860 1152 1902; x_wconf 88' lang='lat' dir='ltr'>theus</span> <span class='ocrx_word' id='word_1_321' title='bbox 1184 1873 1284 1901; x_wconf 90' lang='lat' dir='ltr'>cum</span> <span class='ocrx_word' id='word_1_322' title='bbox 1318 1860 1362 1901; x_wconf 89' lang='lat' dir='ltr'>iri</span> <span class='ocrx_word' id='word_1_323' title='bbox 1394 1859 1502 1902; x_wconf 85' lang='lat' dir='ltr'>sesto</span> <span class='ocrx_word' id='word_1_324' title='bbox 1542 1859 1828 1901; x_wconf 90' lang='lat' dir='ltr'>celeberrimo</span> 
     </span>
     <span class='ocr_line' id='line_1_79' title="bbox 1026 1918 1827 1972; baseline -0.001 -12"><span class='ocrx_word' id='word_1_325' title='bbox 1026 1918 1187 1960; x_wconf 85' lang='lat' dir='ltr'>Dianae</span> <span class='ocrx_word' id='word_1_326' title='bbox 1213 1918 1430 1972; x_wconf 89' lang='lat' dir='ltr'>populum</span> <span class='ocrx_word' id='word_1_327' title='bbox 1458 1918 1515 1959; x_wconf 92' lang='lat' dir='ltr'>ab</span> <span class='ocrx_word' id='word_1_328' title='bbox 1542 1918 1678 1972; x_wconf 89' lang='lat' dir='ltr'>impio</span> <span class='ocrx_word' id='word_1_329' title='bbox 1701 1918 1827 1959; x_wconf 91' lang='lat' dir='ltr'>sacri-</span> 
     </span>
     <span class='ocr_line' id='line_1_80' title="bbox 1025 1976 1827 2031; baseline 0 -14"><span class='ocrx_word' id='word_1_330' title='bbox 1025 1976 1124 2017; x_wconf 87' lang='lat' dir='ltr'>ficio</span> <span class='ocrx_word' id='word_1_331' title='bbox 1138 1982 1372 2017; x_wconf 89' lang='lat' dir='ltr'>conaretur</span> <span class='ocrx_word' id='word_1_332' title='bbox 1384 1981 1594 2024; x_wconf 90' lang='lat' dir='ltr'>auertere,</span> <span class='ocrx_word' id='word_1_333' title='bbox 1605 1976 1827 2031; x_wconf 86' lang='lat' dir='ltr'>lapidibus</span> 
     </span>
     <span class='ocr_line' id='line_1_81' title="bbox 1024 2032 1827 2088; baseline -0.001 -13"><span class='ocrx_word' id='word_1_334' title='bbox 1024 2034 1210 2076; x_wconf 88' lang='lat' dir='ltr'>obrutus</span> <span class='ocrx_word' id='word_1_335' title='bbox 1250 2033 1311 2075; x_wconf 89' lang='lat' dir='ltr'>est</span> <span class='ocrx_word' id='word_1_336' title='bbox 1353 2032 1380 2075; x_wconf 77' lang='lat' dir='ltr'>a</span> <span class='ocrx_word' id='word_1_337' title='bbox 1430 2033 1600 2075; x_wconf 88' lang='lat' dir='ltr'>furente</span> <span class='ocrx_word' id='word_1_338' title='bbox 1647 2034 1827 2088; x_wconf 79' lang='lat' dir='ltr'>populo,</span> 
     </span>
     <span class='ocr_line' id='line_1_82' title="bbox 1025 2091 1827 2145; baseline -0.001 -12"><span class='ocrx_word' id='word_1_339' title='bbox 1025 2092 1142 2134; x_wconf 88' lang='lat' dir='ltr'>vnde</span> <span class='ocrx_word' id='word_1_340' title='bbox 1183 2105 1296 2145; x_wconf 92' lang='lat' dir='ltr'>pene</span> <span class='ocrx_word' id='word_1_341' title='bbox 1338 2097 1538 2132; x_wconf 90' lang='lat' dir='ltr'>mortuus</span> <span class='ocrx_word' id='word_1_342' title='bbox 1571 2091 1765 2133; x_wconf 87' lang='lat' dir='ltr'>sublatus</span> <span class='ocrx_word' id='word_1_343' title='bbox 1801 2091 1827 2132; x_wconf 73' lang='grc' dir='ltr'>ἐι</span> 
     </span>
     <span class='ocr_line' id='line_1_83' title="bbox 1025 2149 1826 2198; baseline -0.001 -7"><span class='ocrx_word' id='word_1_344' title='bbox 1025 2149 1280 2198; x_wconf 88' lang='lat' dir='ltr'>christianis,</span> <span class='ocrx_word' id='word_1_345' title='bbox 1324 2155 1368 2190; x_wconf 91' lang='lat' dir='ltr'>et</span> <span class='ocrx_word' id='word_1_346' title='bbox 1404 2150 1461 2190; x_wconf 89' lang='lat' dir='ltr'>ad</span> <span class='ocrx_word' id='word_1_347' title='bbox 1497 2155 1695 2190; x_wconf 88' lang='lat' dir='ltr'>montem</span> <span class='ocrx_word' id='word_1_348' title='bbox 1731 2150 1826 2191; x_wconf 90' lang='lat' dir='ltr'>vrbi</span> 
     </span>
     <span class='ocr_line' id='line_1_84' title="bbox 1024 2205 1828 2260; baseline 0 -11"><span class='ocrx_word' id='word_1_349' title='bbox 1024 2208 1218 2250; x_wconf 91' lang='lat' dir='ltr'>vicinum</span> <span class='ocrx_word' id='word_1_350' title='bbox 1247 2205 1432 2248; x_wconf 65' lang='lat' dir='ltr'>eductus</span> <span class='ocrx_word' id='word_1_351' title='bbox 1464 2206 1661 2260; x_wconf 89' lang='lat' dir='ltr'>spiritum</span> <span class='ocrx_word' id='word_1_352' title='bbox 1688 2207 1828 2249; x_wconf 78' lang='lat' dir='ltr'>emisit</span> 
     </span>
     <span class='ocr_line' id='line_1_85' title="bbox 1025 2264 1638 2319; baseline -0.003 -12"><span class='ocrx_word' id='word_1_353' title='bbox 1025 2279 1144 2307; x_wconf 92' lang='lat' dir='ltr'>nono</span> <span class='ocrx_word' id='word_1_354' title='bbox 1166 2265 1375 2306; x_wconf 91' lang='lat' dir='ltr'>calendas</span> <span class='ocrx_word' id='word_1_355' title='bbox 1401 2264 1638 2319; x_wconf 88' lang='lat' dir='ltr'>Februarij.</span> 
     </span>
    </p>
   </div>
   <div class='ocr_carea' id='block_1_18' title="bbox 1025 2383 1830 2496">
    <p class='ocr_par' dir='ltr' id='par_1_21' title="bbox 1025 2383 1830 2496">
     <span class='ocr_line' id='line_1_86' title="bbox 1025 2383 1830 2436; baseline 0.001 -10"><span class='ocrx_word' id='word_1_356' title='bbox 1025 2387 1069 2433; x_wconf 76' lang='lat' dir='ltr'>(I</span> <span class='ocrx_word' id='word_1_357' title='bbox 1098 2383 1319 2436; x_wconf 72' lang='lat' dir='ltr'>Conuerfio</span> <span class='ocrx_word' id='word_1_358' title='bbox 1339 2383 1480 2425; x_wconf 76' lang='lat' dir='ltr'>Pauli</span> <span class='ocrx_word' id='word_1_359' title='bbox 1495 2383 1651 2436; x_wconf 78' lang='lat' dir='ltr'>duplex</span> <span class='ocrx_word' id='word_1_360' title='bbox 1674 2384 1830 2428; x_wconf 81' lang='lat' dir='ltr'>maius.</span> 
     </span>
     <span class='ocr_line' id='line_1_87' title="bbox 1170 2441 1692 2496; baseline 0.004 -14"><span class='ocrx_word' id='word_1_361' title='bbox 1170 2441 1252 2483; x_wconf 78' lang='lat' dir='ltr'>Ad</span> <span class='ocrx_word' id='word_1_362' title='bbox 1269 2441 1459 2496; x_wconf 67' lang='lat' dir='ltr'>vesperas</span> <span class='ocrx_word' id='word_1_363' title='bbox 1478 2441 1692 2495; x_wconf 83' lang='lat' dir='ltr'>Hymnus.</span> 
     </span>
    </p>
   </div>
   <div class='ocr_carea' id='block_1_19' title="bbox 1023 2542 1830 2948">
    <p class='ocr_par' dir='ltr' id='par_1_22' title="bbox 1023 2542 1830 2948">
     <span class='ocr_line' id='line_1_88' title="bbox 1032 2542 1828 2629; baseline -0.001 -41"><span class='ocrx_word' id='word_1_364' title='bbox 1032 2542 1257 2629; x_wconf 70' lang='lat' dir='ltr'>DOGtor</span> <span class='ocrx_word' id='word_1_365' title='bbox 1287 2545 1464 2599; x_wconf 86' lang='lat' dir='ltr'>egregie</span> <span class='ocrx_word' id='word_1_366' title='bbox 1507 2544 1641 2587; x_wconf 90' lang='lat' dir='ltr'>Paule</span> <span class='ocrx_word' id='word_1_367' title='bbox 1684 2559 1828 2587; x_wconf 88' lang='lat' dir='ltr'>mores</span> 
     </span>
     <span class='ocr_line' id='line_1_89' title="bbox 1138 2602 1829 2657; baseline 0 -14"><span class='ocrx_word' id='word_1_368' title='bbox 1138 2602 1297 2644; x_wconf 90' lang='lat' dir='ltr'>instrue</span> <span class='ocrx_word' id='word_1_369' title='bbox 1318 2617 1326 2645; x_wconf 82' lang='lat' dir='ltr'><strong><em>z</em></strong></span> <span class='ocrx_word' id='word_1_370' title='bbox 1344 2604 1402 2644; x_wconf 89' lang='lat' dir='ltr'>Et</span> <span class='ocrx_word' id='word_1_371' title='bbox 1418 2610 1566 2645; x_wconf 88' lang='lat' dir='ltr'>mente</span> <span class='ocrx_word' id='word_1_372' title='bbox 1582 2602 1732 2657; x_wconf 90' lang='lat' dir='ltr'>polum</span> <span class='ocrx_word' id='word_1_373' title='bbox 1748 2617 1829 2645; x_wconf 84' lang='lat' dir='ltr'>nos</span> 
     </span>
     <span class='ocr_line' id='line_1_90' title="bbox 1023 2660 1829 2715; baseline 0.001 -14"><span class='ocrx_word' id='word_1_374' title='bbox 1023 2660 1254 2702; x_wconf 88' lang='lat' dir='ltr'>transferre</span> <span class='ocrx_word' id='word_1_375' title='bbox 1296 2660 1445 2714; x_wconf 86' lang='lat' dir='ltr'>satage</span> <span class='ocrx_word' id='word_1_376' title='bbox 1481 2676 1490 2702; x_wconf 91' lang='lat'><strong>:</strong></span> <span class='ocrx_word' id='word_1_377' title='bbox 1534 2662 1689 2703; x_wconf 90' lang='lat' dir='ltr'>Donec</span> <span class='ocrx_word' id='word_1_378' title='bbox 1730 2675 1829 2715; x_wconf 90' lang='lat' dir='ltr'>per-</span> 
     </span>
     <span class='ocr_line' id='line_1_91' title="bbox 1029 2715 1828 2773; baseline 0.001 -14"><span class='ocrx_word' id='word_1_379' title='bbox 1029 2715 1191 2759; x_wconf 62' lang='lat' dir='ltr'>sectum</span> <span class='ocrx_word' id='word_1_380' title='bbox 1234 2718 1448 2773; x_wconf 80' lang='lat' dir='ltr'>largiatur</span> <span class='ocrx_word' id='word_1_381' title='bbox 1489 2719 1673 2773; x_wconf 76' lang='lat' dir='ltr'>pleniuS,</span> <span class='ocrx_word' id='word_1_382' title='bbox 1712 2719 1828 2761; x_wconf 80' lang='lat' dir='ltr'>Eua-</span> 
     </span>
     <span class='ocr_line' id='line_1_92' title="bbox 1028 2776 1759 2831; baseline 0.001 -14"><span class='ocrx_word' id='word_1_383' title='bbox 1028 2782 1161 2817; x_wconf 91' lang='lat' dir='ltr'>cuato</span> <span class='ocrx_word' id='word_1_384' title='bbox 1182 2776 1303 2830; x_wconf 90' lang='lat' dir='ltr'>quod</span> <span class='ocrx_word' id='word_1_385' title='bbox 1326 2791 1384 2818; x_wconf 87' lang='lat' dir='ltr'>ex</span> <span class='ocrx_word' id='word_1_386' title='bbox 1408 2784 1532 2831; x_wconf 86' lang='lat' dir='ltr'>parte</span> <span class='ocrx_word' id='word_1_387' title='bbox 1553 2777 1759 2831; x_wconf 87' lang='lat' dir='ltr'>gerimus.</span> 
     </span>
     <span class='ocr_line' id='line_1_93' title="bbox 1089 2834 1830 2889; baseline 0 -13"><span class='ocrx_word' id='word_1_388' title='bbox 1089 2834 1159 2877; x_wconf 87' lang='lat' dir='ltr'>Sit</span> <span class='ocrx_word' id='word_1_389' title='bbox 1172 2835 1360 2876; x_wconf 85' lang='lat' dir='ltr'>trinitati</span> <span class='ocrx_word' id='word_1_390' title='bbox 1380 2834 1642 2889; x_wconf 87' lang='lat' dir='ltr'>sempiterna</span> <span class='ocrx_word' id='word_1_391' title='bbox 1658 2834 1798 2889; x_wconf 88' lang='lat' dir='ltr'>gloria</span> <span class='ocrx_word' id='word_1_392' title='bbox 1822 2851 1830 2876; x_wconf 90' lang='lat'><strong>:</strong></span> 
     </span>
     <span class='ocr_line' id='line_1_94' title="bbox 1034 2891 1830 2948; baseline 0.001 -15"><span class='ocrx_word' id='word_1_393' title='bbox 1034 2891 1204 2942; x_wconf 85' lang='lat' dir='ltr'>Honor,</span> <span class='ocrx_word' id='word_1_394' title='bbox 1227 2892 1434 2947; x_wconf 78' lang='lat' dir='ltr'>potestas,</span> <span class='ocrx_word' id='word_1_395' title='bbox 1462 2899 1597 2948; x_wconf 84' lang='lat' dir='ltr'>atquc</span> <span class='ocrx_word' id='word_1_396' title='bbox 1629 2893 1830 2934; x_wconf 83' lang='lat' dir='ltr'>iubilatio</span> 
     </span>
    </p>
   </div>
   <div class='ocr_carea' id='block_1_20' title="bbox 1107 2993 1442 3077">
    <p class='ocr_par' dir='ltr' id='par_1_23' title="bbox 1107 2993 1442 3077">
     <span class='ocr_line' id='line_1_95' title="bbox 1108 2993 1348 3040; baseline 0 -11"><span class='ocrx_word' id='word_1_397' title='bbox 1108 2993 1122 3015; x_wconf 80' lang='lat'>³</span> <span class='ocrx_word' id='word_1_398' title='bbox 1145 3005 1258 3040; x_wconf 86' lang='lat' dir='ltr'>quam</span> <span class='ocrx_word' id='word_1_399' title='bbox 1283 3007 1290 3031; x_wconf 90' lang='lat'>:</span> <span class='ocrx_word' id='word_1_400' title='bbox 1312 2996 1348 3030; x_wconf 81' lang='lat' dir='ltr'>P.</span> 
     </span>
     <span class='ocr_line' id='line_1_96' title="bbox 1107 3040 1442 3077; baseline 0 0"><span class='ocrx_word' id='word_1_401' title='bbox 1107 3040 1120 3063; x_wconf 81' lang='lat'><strong>⁴</strong></span> <span class='ocrx_word' id='word_1_402' title='bbox 1145 3042 1354 3077; x_wconf 79' lang='lat' dir='ltr'>celebratur</span> <span class='ocrx_word' id='word_1_403' title='bbox 1376 3054 1383 3077; x_wconf 74' lang='grc' dir='ltr'><em>τ</em></span> <span class='ocrx_word' id='word_1_404' title='bbox 1406 3043 1442 3077; x_wconf 90' lang='lat'>1‘.</span> 
     </span>
    </p>
   </div>
  </div>
 </body>
</html>
