2066 3392
204 251 259 282 22

203 332 285 374 erit
299 329 415 373 enim
431 342 619 385 magnus
633 344 780 372 coram
795 331 978 372 domino
997 345 1005 371 :

204 394 250 431 et
281 390 431 431 vinum
463 395 508 430 et
539 390 716 430 siceram
749 402 838 430 non
870 388 1003 430 bibet.

204 454 248 489 et
270 447 420 501 spiritu
441 444 589 488 saneto
605 446 844 501 replebitur
859 446 1005 488 adhuc

205 519 264 546 ex
285 511 410 546 vtero
433 505 586 546 matris
608 504 693 545 suae
726 517 736 546 ε
769 510 813 546 et
843 504 1006 545 multos

205 563 395 604 filiorum
424 562 555 603 Israel
584 568 814 604 conuertet
842 562 898 603 ad
928 562 1005 602 do-

207 621 376 661 minum
417 621 551 662 deum
588 620 791 673 ipsorum.
833 626 877 661 et
918 619 1007 673 ipse

206 678 429 732 praecedet
449 684 553 719 ante
574 677 696 719 illum
719 677 763 718 in
786 677 948 731 spiritu,
964 683 1009 718 et

205 736 367 778 virtute
390 736 501 777 Eliae
525 749 534 776 ι
557 742 606 776 vt
622 741 853 776 conuertat
874 734 1008 776 corda

207 799 383 848 patrum
406 794 450 834 in
473 793 597 841 filios,
615 799 658 834 et
680 792 930 834 incredulos
951 793 1007 833 ad

207 851 488 906 prudentiam
511 850 731 901 iustorum,
753 863 907 904 parare
929 850 1009 890 do-

207 910 328 950 mino
342 909 517 962 plebem
532 906 785 962 perfectam.
820 909 879 949 Et
892 908 1010 949 dixit

208 966 431 1007 zacharias
453 966 510 1007 ad
532 966 753 1019 angelum,
770 966 904 1007 Vnde
925 965 1009 1006 hoc

208 1024 365 1066 sciam?
397 1037 481 1078 ego
512 1024 630 1065 enim
658 1023 750 1065 sum
778 1023 911 1065 senex
934 1029 1009 1064 :et

207 1096 321 1123 vxor
341 1096 440 1123 mea
457 1082 656 1136 proceffit
677 1082 720 1122 in
740 1082 897 1123 diebus
914 1081 1008 1122 suis.

209 1139 270 1181 Et
299 1139 566 1193 respondens
598 1139 793 1193 angelus,
814 1137 931 1180 dixit
957 1139 1008 1180 ei.

210 1198 310 1251 Ego
342 1198 434 1239 sum
466 1197 647 1239 Gabriel
678 1197 754 1251 qui
782 1197 874 1238 asto
905 1203 1009 1238 ante

207 1256 342 1297 deum
367 1269 377 1298 ε
399 1262 443 1297 et
465 1256 613 1296 missus
630 1255 722 1296 sum
740 1255 860 1309 loqui
879 1254 935 1296 ad
953 1261 1010 1305 te,

207 1320 252 1355 et
287 1313 383 1354 haec
416 1314 496 1355 tibi
527 1312 865 1367 euangelizare¹.
927 1312 1010 1354 Et²

209 1385 320 1420 ecce,
342 1371 426 1412 eris
454 1377 607 1412 tacens
640 1378 685 1413 et
718 1385 807 1412 non
844 1371 1010 1425 poteris

207 1429 329 1483 loqui
368 1429 501 1483 vsque
542 1428 586 1470 in
626 1429 745 1470 diem
786 1443 876 1483 quo
916 1429 1011 1470 haec

208 1486 318 1528 fiant
339 1500 349 1528 ι
372 1501 452 1541 pro
473 1500 526 1528 eo
547 1487 666 1541 quod
687 1500 775 1528 non
792 1486 1010 1528 credidisti

207 1545 351 1586 verbis
374 1545 493 1593 meis,
515 1558 614 1598 quae
637 1542 939 1598 implebuntur
966 1545 1010 1585 in

209 1608 409 1655 tempore
431 1602 516 1643 suo.
577 1603 638 1644 Et
660 1609 753 1644 erat
778 1602 903 1656 plebs
931 1616 1011 1643 ex-

208 1657 392 1713 pediam
433 1659 680 1701 zachariam
732 1674 742 1702 ε
787 1666 832 1701 et
880 1660 1011 1701 mira-

209 1719 372 1759 bantur
410 1718 530 1772 quod
578 1718 775 1759 tardaret
826 1718 915 1775 ipse
965 1718 1008 1758 in

208 1775 389 1829 templo.
466 1776 670 1829 Egressus
720 1782 870 1817 autem
921 1789 1010 1816 non

209 1838 384 1886 poterat
401 1832 521 1886 loqui
547 1834 604 1874 ad
627 1832 725 1874 illos
752 1848 760 1875 :
781 1840 825 1875 et
847 1846 1010 1887 cogno-

209 1897 367 1932 uerunt
395 1891 514 1945 quod
536 1891 744 1932 visionem
765 1891 936 1933 vidisset
965 1892 1008 1932 in

209 1949 388 2002 templo.
458 1949 518 1990 Et
559 1949 648 2002 ipse
689 1955 783 1990 erat
824 1949 1010 1990 innuens

210 2006 293 2046 illis
331 2021 339 2047 :
376 2012 420 2047 et
457 2006 693 2060 permansit
728 2013 887 2048 mutus.
951 2005 1011 2048 Et

210 2061 374 2105 sacstum
397 2064 457 2105 est
487 2079 495 2105 :
523 2070 572 2105 vt
601 2064 771 2118 impleti
797 2064 895 2105 sunt
916 2065 1011 2106 dies

210 2122 338 2175 officij
362 2122 465 2171 eius,
484 2122 594 2176 abijt
616 2123 659 2162 in
677 2123 860 2163 domum
879 2123 1009 2164 suam.

210 2179 309 2220 Post
348 2179 428 2220 hos
475 2186 623 2221 autem
669 2180 764 2221 dies
809 2181 1013 2234 concepit

211 2237 435 2278 Elisabeth
458 2251 572 2278 vxor
593 2238 685 2279 eius
717 2250 726 2279 z
754 2244 798 2280 et
820 2238 1012 2280 occulta-

209 2295 287 2336 bat
315 2295 356 2336 se
382 2295 599 2337 menfibus
621 2296 828 2349 quinque,
850 2296 1012 2345 dicens,

211 2352 329 2405 Quia
363 2352 417 2394 s1c
451 2353 553 2394 fecit
587 2354 693 2394 mihi
727 2354 932 2395 dominus
967 2355 1010 2395 in

210 2411 365 2451 diebus
405 2411 565 2464 quibus
606 2411 798 2465 respexit
842 2412 1012 2454 auferre

210 2468 496 2522 opprobrium
552 2482 701 2510 meum
757 2470 873 2510 inter
934 2470 1013 2511 ho-

213 2539 363 2567 mines.

269 2583 339 2624 Tu
361 2589 510 2624 autem
533 2582 744 2626 domine³.
767 2591 815 2626 vt
822 2585 972 2638 supra.

281 2640 327 2682 V.
376 2642 485 2682 Iube
501 2640 710 2683 domine²³.
747 2643 835 2684 Ad.
858 2643 920 2696 iij.
937 2644 1013 2684 lec-

213 2697 380 2748 tionem,
402 2699 448 2751 si
482 2713 565 2740 non
589 2700 739 2752 fuerit
771 2701 823 2741 de
849 2702 1013 2753 sane-2²0,

212 2756 381 2797 dicitur.
472 2757 724 2798 Benedic'Jio.
821 2758 1012 2813 Spiritus

283 2861 295 2883 ¹
321 2862 602 2906 auangelizare:
631 2864 669 2898 P.

281 2908 295 2930 2
319 2916 355 2943 et
374 2921 381 2943 :
405 2909 505 2943 omit.
528 2910 567 2943 P.

282 2955 296 2976 3
322 2962 390 2990 etc.
410 2968 417 2991 z
443 2957 526 2990 add.
550 2957 594 2990 R.
615 2957 652 2991 P.
674 2957 718 2990 A.

281 3002 294 3022 ⁴
320 3003 360 3036 iu
379 3014 426 3037 m.
445 3003 490 3037 so.
512 3003 566 3048 58.
603 3004 688 3038 vide
706 3017 737 3049 p.
764 3015 812 3047 14.

282 3049 296 3070 ⁶
321 3050 405 3083 vide
423 3061 455 3094 p.
481 3059 506 3083 1.

653 252 908 288 DOMJNJCA
942 252 1102 287 PRIMA
1135 252 1424 288 ADUENTUS.

1075 327 1209 371 sanffl
1238 330 1382 384 gratia
1410 328 1629 372 illuminet
1657 329 1812 380 sensus»,
1833 333 1878 372 et

1075 387 1210 429 corda
1250 387 1406 430 nostra.
1477 389 1533 430 R.
1585 387 1749 431 Amen.
1821 387 1881 429 Si

1073 452 1217 487 autem
1227 445 1377 499 fuerit
1388 445 1440 487 de
1448 445 1613 499 sande,
1623 453 1703 487 aut
1710 445 1882 498 sanl‘t'tlr

1074 503 1245 545 dicitur.
1302 503 1556 546 Benediclio.
1627 504 1765 544 Cuius
1815 503 1885 544 vel

1075 575 1262 615 quorum
1286 561 1356 602 vel
1375 573 1560 615 quarum
1591 559 1745 602 festum
1774 560 1880 602 coli-

1077 633 1186 668 mus,
1209 619 1298 673 ipse
1319 620 1388 660 vel
1405 619 1495 672 ipsa
1511 619 1582 660 vel
1598 618 1672 673 ipsi
1691 618 1761 660 vel
1777 618 1879 673 ipsae

1077 677 1321 718 intercedat
1366 677 1436 718 vel
1476 676 1753 718 intercedant
1798 689 1879 730 pro

1077 734 1204 775 nobis
1233 733 1289 775 ad
1319 734 1562 777 dominum.
1621 734 1677 775 R.
1716 733 1879 775 Amen.

1077 790 1133 832 In
1152 791 1350 844 sabbatis
1370 803 1468 832 vero
1496 792 1543 833 in
1570 791 1725 845 quibus
1741 791 1808 846 fit
1831 790 1884 832 de

1077 849 1198 891 beata
1239 849 1411 903 virgine
1446 849 1609 890 dicitur
1641 845 1881 891 benedz'fzio.

1079 908 1161 948 Per
1192 907 1409 961 virginem
1443 913 1631 948 matrem
1664 905 1882 949 concedat

1078 965 1206 1006 nobis
1222 965 1429 1006 dominus
1444 964 1639 1014 salutem,
1652 969 1697 1006 et
1710 975 1879 1018 pacem.

1074 1023 1132 1064 R.
1172 1022 1336 1064 Amen.
1398 1022 1632 1064 Sciendum
1652 1020 1882 1076 estautem‚

1077 1080 1198 1134 qnod.
1207 1080 1269 1134 iij.
1277 1080 1397 1122 leflio
1405 1080 1449 1121 in
1457 1080 1709 1122 triduoante
1707 1079 1881 1133 pascha,

1076 1145 1119 1180 et
1119 1138 1248 1193 festis
1259 1137 1429 1180 domini
1440 1137 1884 1192 mobilibusaffignata

1075 1196 1135 1251 est
1161 1196 1207 1238 in
1237 1196 1311 1237 boe
1338 1195 1592 1237 dominicali
1620 1195 1667 1237 in
1692 1194 1887 1250 propriss

1077 1254 1186 1297 locis,
1245 1255 1311 1295 Et
1327 1265 1422 1307 quae
1439 1254 1602 1295 dicitur
1621 1254 1667 1295 in
1686 1253 1885 1307 sabbatis

1078 1312 1129 1353 de
1148 1313 1269 1354 beata
1290 1312 1460 1366 virgine
1481 1311 1725 1353 inuenietur
1745 1311 1790 1353 in
1817 1311 1883 1364 of—

1066 1370 1173 1425 ficio
1192 1370 1325 1411 eidem
1350 1370 1556 1424 afflgnato
1573 1377 1658 1424 pro
1675 1369 1884 1423 sabbatis,

1079 1428 1240 1482 reliquo
1255 1434 1398 1469 autem
1411 1427 1523 1469 anni
1535 1434 1715 1481 tempore
1717 1427 1889 1480 semper

1069 1486 1254 1540 petenda
1273 1485 1332 1540 est
1346 1498 1398 1526 ex
1414 1485 1667 1527 calendario.
1716 1485 1885 1526 Finitis

1081 1544 1220 1586 tribus
1253 1542 1500 1585 leflionibus
1525 1550 1609 1596 per
1637 1550 1773 1584 totum
1804 1543 1883 1584 ad-

1079 1608 1254 1642 uentum
1276 1601 1322 1643 in
1342 1600 1580 1650 dominicis,
1601 1608 1643 1642 et
1659 1600 1798 1654 ferijs
1815 1600 1883 1642 di-

1081 1660 1198 1701 citur
1204 1659 1403 1714 psalmus
1419 1657 1655 1701 Miserere⁴.
1678 1658 1725 1712 st
1738 1665 1882 1700 autem

1079 1724 1245 1771 agatur
1260 1717 1312 1758 de
1320 1717 1431 1771 festo
1450 1717 1624 1760 dicitur.
1666 1716 1883 1770 Hymnus.

1081 1776 1147 1816 Te
1169 1773 1334 1817 deum⁵.

1201 1867 1246 1914 (I
1269 1864 1352 1906 Ad
1367 1862 1526 1907 laudes.
1599 1862 1762 1918 Versus.

1175 1951 1267 1992 Eus
1290 1950 1333 1991 in
1355 1950 1622 1992 adiutorium
1645 1963 1794 1994 meum
1821 1952 1885 1993 in-

1202 2009 1347 2050 tende.
1407 2010 1462 2050 R.
1501 2009 1695 2049 Domine
1720 2011 1776 2051 ad
1805 2011 1884 2052 ad-

1082 2067 1325 2108 iuuandum
1341 2080 1412 2108 me
1426 2066 1590 2108 festina.
1636 2066 1788 2109 Gloria
1804 2068 1885 2109 Pa-

1081 2123 1167 2167 tri⁶.
1232 2124 1468 2166 Halleluia.

1138 2182 1307 2224 Deinde
1327 2190 1411 2224 tres
1430 2180 1605 2236 psalmi,
1627 2189 1676 2224 vt
1697 2182 1744 2224 in
1765 2182 1884 2238 psal-

1081 2240 1185 2282 terio
1214 2256 1229 2282 .·
1255 2241 1409 2295 quibus
1426 2241 1577 2294 finitis
1595 2256 1691 2283 cum
1711 2241 1883 2282 cantico.

1083 2297 1350 2340 Benedictus
1364 2299 1533 2341 dicitur.
1601 2299 1646 2341 V.
1690 2299 1884 2340 Domine

1081 2357 1245 2398 exaudi
1260 2357 1506 2398 orationem
1522 2356 1701 2400 meam'.
1735 2357 1792 2399 R.
1822 2357 1884 2398 Et

1081 2415 1251 2456 clamor
1272 2428 1397 2456 meus
1418 2415 1476 2456 ad
1499 2414 1573 2458 te⁸.

1178 2504 1347 2547 Deinde
1368 2504 1570 2548 Orernus.
1633 2506 1797 2548 Oratio.

1091 2585 1320 2668 EXcsta,
1377 2584 1628 2638 quaesumus
1691 2585 1885 2635 domine,

1204 2643 1450 2696 potentiam
1473 2649 1608 2692 tuam,
1623 2648 1667 2683 et
1683 2643 1783 2683 veni
1807 2656 1816 2684 :
1837 2650 1884 2684 vt

1083 2700 1140 2741 ab
1203 2701 1537 2741 imminentibus
1599 2706 1882 2754 peccatorum

1082 2758 1325 2799 nostrorum
1349 2758 1551 2812 periculis
1572 2764 1616 2799 te
1638 2771 1887 2800 mereamur

1151 2863 1166 2886 θ
1189 2870 1226 2899 et
1246 2864 1351 2899 Filio.
1395 2864 1499 2900 Sicut
1523 2870 1602 2900 erat
1621 2864 1657 2900 in
1676 2864 1859 2911 principio
1876 2877 1884 2900 :

1082 2912 1167 2947 add.
1190 2913 1231 2946 R.
1254 2913 1292 2945 P.
1311 2913 1355 2947 Α.

1151 2959 1164 2981 ⁷
1189 2966 1277 2993 etc.:
1307 2960 1352 2993 A.

1151 3005 1164 3027 ⁸
1189 3006 1333 3040 veniat:
1352 3006 1435 3040 aa'd.
1457 3007 1499 3040 R.
1510 3007 1547 3040 P.
1576 3006 1624 3041 ad
1643 3012 1678 3041 te
1695 3018 1702 3041 :
1722 3006 1820 3041 omit.
1839 3006 1881 3041 A.
