2066 3392
143 661 223 698 Au.
249 671 312 696 nu.
385 660 489 695 Dies.

154 730 202 767 xi
256 729 281 766 b
359 727 537 765 Calendis

35 828 42 831 „
259 799 281 824 c
385 788 438 823 vi.
457 799 506 823 no

39 843 67 883 ’ἢῖ
139 846 214 882 xix
257 845 284 882 d
382 857 419 881 v.
436 856 494 881 no.

38 897 73 945 s}
139 904 218 941 viii
261 914 283 940 e
379 903 446 938 iiii
457 914 515 938 no.

53 954 60 959 ’
259 961 279 999 s
385 963 437 998 iii
450 973 507 997 no.

871 201 1035 244 xxxvfi

507 490 714 534 MAIVS
760 489 981 532 HABET
1024 488 1174 531 DIES
1217 487 1396 531 XXXI.

725 658 843 704 Festa,
861 662 899 694 et
912 658 1000 694 alioe
1023 658 1058 693 T
1053 658 1156 693 erliae
1173 658 1353 693 lelliones.
1596 657 1671 704 sol.
1703 655 1717 704 [
1723 654 1783 704 p.]

607 738 620 763 1
650 727 866 775 Philippus,
883 732 920 764 et
934 728 1090 763 Iacobus
1106 728 1263 774 apostoli
1276 727 1419 773 duplex
1433 727 1568 762 maius.
1610 735 1679 772 590
1695 724 1796 773 [126]

601 797 621 822 2
648 786 873 822 Athanasius
891 787 1085 833 episcopus
1103 786 1294 821 confessor.
1610 793 1674 830 591
1696 782 1797 831 [127]

602 854 624 890 3
647 843 976 890 Inuentiosanllae
992 844 1115 880 crucis
1130 843 1273 890 duplex
1288 844 1422 879 maius.
1606 851 1675 888 592
1695 840 1796 889 [128]

600 911 624 946 4
648 902 863 938 Alexander
879 914 980 949 papa
995 908 1147 948 martyr.
1609 909 1677 946 593
1694 899 1796 947 [130]

606 970 624 1008 5
654 962 712 997 Ex
729 962 883 1008 epistola
899 961 948 1007 .ij.
967 961 1017 997 ad
1033 961 1289 997 Timotheum.
1341 961 1480 996 Paulus

1373 1019 1570 1066 apostolus.
1611 1027 1674 1064 175
1718 1017 1796 1065 [38]

139 1079 214 1116 xvi
255 1089 283 1126 g
335 1077 466 1126 pridie
481 1090 539 1114 no.
601 1078 624 1114 6
648 1078 811 1113 Ioannes
827 1081 1079 1124 antepartum
1096 1079 1279 1114 Latinam
1296 1078 1440 1124 duplex
1451 1078 1589 1113 minus.
1610 1087 1677 1124 593
1695 1075 1796 1124 [130]

167 1149 197 1175 v
258 1136 272 1161 ¹
366 1137 493 1173 Nonis
603 1146 623 1181 7
651 1138 709 1172 Ex
726 1137 879 1184 epistola
895 1137 942 1183 .ij.
962 1137 1010 1173 ad
1028 1137 1285 1173 Timotheum.
1320 1138 1378 1172 Tu
1397 1149 1486 1183 ergo
1503 1137 1567 1172 fili.
1611 1137 1677 1181 176
1717 1135 1796 1183 [38]

254 1195 281 1232 b
356 1196 438 1231 m'ii.
456 1196 507 1231 td.
605 1196 626 1230 8
652 1196 712 1231 Ex
727 1195 882 1240 epistola
899 1195 946 1241 .ij.
965 1196 1015 1231 ad
1032 1195 1284 1231 Timotheum.
1330 1195 1436 1231 Ηοε2
1451 1201 1588 1232 autern.
1612 1195 1677 1239 178
1718 1193 1796 1242 [38]

148 1254 226 1291 xiii
254 1266 276 1292 c
370 1255 433 1290 vii
445 1255 495 1290 id.
601 1264 624 1299 9
650 1255 708 1289 Ex
725 1254 878 1300 epistola
894 1253 943 1300 .ij.
962 1254 1012 1289 ad
1029 1254 1283 1290 Timotheum.
1333 1254 1533 1289 Testificor.
1612 1262 1678 1299 179
1718 1251 1796 1300 [38]

169 1313 206 1350 ia·
251 1313 278 1350 d
372 1315 423 1348 vi.
438 1313 489 1348 id.
584 1322 626 1348 10
652 1313 711 1348 Ex
726 1312 880 1358 epistola
896 1313 946 1348 ad
963 1313 1103 1347 Titum.
1156 1312 1293 1348 Paulus
1310 1311 1446 1348 seruus.
1612 1311 1679 1347 180
1718 1309 1797 1358 [38]

54 1393 64 1414 -4
84 1393 87 1399 ν
254 1382 277 1408 e
381 1383 410 1407 v
424 1372 474 1407 id.
582 1381 618 1406 11
650 1371 708 1406 Ex
724 1370 878 1416 epistola
894 1370 944 1406 ad
961 1371 1101 1406 Titum.
1153 1371 1210 1405 Tu
1229 1376 1365 1406 autem.
1611 1370 1673 1405 181
1717 1367 1795 1416 [38]

83 1449 87 1459 2
164 1441 197 1467 :t
255 1429 276 1466 f
360 1430 426 1465 iiii
440 1430 489 1465 id.
584 1439 624 1464 12
651 1430 710 1464 Ex
726 1429 879 1474 epistola
895 1428 944 1464 ad
962 1428 1103 1463 Titum.
1148 1428 1326 1463 Admone
1343 1427 1456 1463 illos³.
1611 1427 1676 1462 182
1717 1425 1795 1473 [39]

249 1498 276 1534 g
374 1488 412 1523 iii
430 1487 480 1523 id.
582 1497 623 1532 13
650 1488 708 1523 Ex
725 1487 878 1533 epistola
896 1487 929 1522 .i.
951 1486 1116 1522 Ioannis.
1170 1486 1281 1532 Quod
1298 1485 1368 1522 fuit
1385 1486 1444 1521 ab.
1607 1485 1675 1529 238
1717 1483 1795 1531 [5ο]

121 1545 230 1583 xviii
248 1546 284 1582 A
347 1545 444 1593 p’die
462 1545 510 1582 id.
581 1555 624 1590 14
647 1543 791 1588 Vistor,
809 1552 845 1580 et
864 1545 1015 1580 Corona
1032 1551 1228 1589 martyres.
1606 1551 1676 1587 593
1693 1541 1726 1589 [¹
1733 1541 1795 1589 31]

67 1598 87 1629 Τ
158 1605 220 1641 vii
254 1604 281 1641 b
363 1605 496 1640 Idibus
587 1612 626 1650 15
654 1605 712 1639 Ex
729 1604 883 1650 epistola
899 1604 934 1638 .i.
956 1603 1121 1638 Ioannis.
1174 1601 1297 1638 Filioli
1314 1601 1398 1638 mei.
1607 1611 1677 1647 239
1717 1600 1796 1649 [51]

67 1694 70 1699 ,
259 1674 282 1700 c
347 1663 438 1699 xvii
451 1663 529 1700 cal’
583 1664 625 1699 16
651 1663 708 1698 Ex
725 1662 878 1708 epistola
895 1661 929 1697 .i.
952 1661 1116 1697 Ioannis.
1168 1661 1292 1696 Filioli
1309 1661 1512 1696 nouissima.
1607 1669 1671 1704 241
1717 1658 1795 1708 [51]

154 1733 214 1759 xv
259 1722 286 1758 d
353 1722 429 1758 xvi
441 1720 519 1758 cal’
587 1730 628 1766 17
655 1722 714 1757 Ex
730 1720 883 1767 epistola
900 1720 933 1756 .i.
955 1720 1120 1756 Ioannis.
1172 1720 1308 1756 Videte
1325 1720 1485 1766 qualem.
1607 1728 1675 1763 242
1717 1717 1795 1766 [51]

149 1780 216 1818 uu·
258 1791 281 1818 e
365 1791 423 1816 xv
438 1779 516 1816 cal‘
586 1779 628 1815 18
655 1780 713 1815 Ex
729 1779 883 1826 epist01a
900 1778 934 1814 .i.
956 1778 1120 1816 Ioannis.
1172 1777 1392 1813 charisfimi.
1607 1786 1677 1821 244
1717 1775 1795 1824 [51]

62 1830 102 1885 ’,
260 1838 280 1875 f
347 1838 441 1873 xiiii
455 1838 516 1873 cal
523 1838 531 1855 ’
585 1847 626 1883 19
653 1837 878 1873 Potentiana
894 1837 1009 1882 virgo.
1608 1843 1677 1880 594
1693 1833 1795 1882 [131]

149 1897 214 1945 τι]
255 1908 282 1944 g
350 1898 428 1932 xiii
441 1895 518 1932 cal’
583 1895 647 1931 20⁴
655 1897 713 1931 Ex
729 1896 883 1942 epistola
899 1895 932 1931 .i.
955 1896 1120 1931 Ioannis.
1173 1894 1328 1930 Omnis⁶
1341 1895 1415 1941 qui.
1608 1902 1673 1940 245
1717 1893 1795 1942 [52]

174 1955 195 1992 i
251 1955 288 1992 A
365 1955 426 1990 xii
439 1954 509 1990 cal’
580 1964 620 1990 21
652 1954 710 1989 Ex
727 1954 882 2000 epistola
899 1953 946 1999 .ij.
968 1953 1133 1989 Ioannis.
1185 1953 1320 1989 Senior
1336 1951 1478 1988 eleftae.
1608 1961 1675 1996 247
1717 1950 1795 2000 [52]

79 2044 81 2049 ,
257 2013 284 2049 b
375 2012 506 2048 xz'cal’
584 2022 629 2047 22
656 2012 715 2047 Ex
732 2011 884 2058 epistola
901 2011 963 2047 .iii.
985 2012 1148 2047 loannis.
1201 2012 1335 2048 Senior
1353 2011 1456 2047 Caio.
1518 2022 1523 2030 ·
1607 2011 1676 2054 248
1717 2009 1794 2058 [52]

160 2069 206 2107 εἶτ
259 2081 281 2107 c
377 2070 498 2106 xcal’
583 2079 628 2114 23
655 2070 714 2105 Ex
730 2070 882 2115 epistola
903 2067 1046 2106 Iacobi.
1094 2070 1254 2106 Iacobus
1271 2070 1341 2105 dei.
1607 2077 1678 2114 250
1717 2066 1794 2116 [52]

257 2127 284 2165 d
369 2129 414 2164 ix
426 2127 489 2164 cal
494 2126 503 2143 ’
580 2137 627 2172 24
653 2129 710 2164 Ex
726 2128 879 2174 epistola
900 2129 1038 2164 Iacobi.
1091 2129 1217 2164 Estote
1234 2135 1371 2164 autem.
1606 2136 1625 2161 2
1631 2134 1670 2171 51
1716 2125 1794 2174 [52]

70 2202 103 2231 ,³
133 2186 230 2223 xvii
259 2197 283 2224 e
357 2188 432 2222 viii
445 2187 518 2222 cal’
583 2195 626 2232 25
654 2187 829 2223 Vrbanus
847 2195 946 2233 impa
962 2192 1113 2232 martyr.
1607 2194 1676 2231 594
1692 2184 1794 2233 [131]

6 2251 8 2259 ”
72 2265 75 2267 >
159 2244 224 2283 ω’*
261 2244 280 2281 f
362 2246 423 2281 vii
436 2246 498 2282 cal
504 2246 513 2263 '
577 2247 623 2280 26
650 2247 707 2281 Ex
723 2245 877 2291 epistola
897 2245 1036 2281 Iacobi.
1089 2245 1311 2292 Quicunque
1328 2252 1466 2281 autem.
1607 2254 1675 2290 253
1717 2243 1794 2292 [53]

67 2299 98 2335 ’«·..
258 2313 284 2349 g
377 2305 422 2339 vi
434 2302 511 2339 cal'
581 2312 624 2347 27
654 2304 711 2338 Ex
728 2303 881 2349 epistola
901 2303 1042 2339 Iacobi.
1094 2303 1222 2339 Nolite
1240 2305 1375 2350 plures.
1607 2311 1676 2348 254
1716 2301 1795 2350 [53]

20 2399 22 2401 ,
65 2361 102 2412 ,ᾗ
127 2359 222 2397 xiiii
251 2361 288 2397 A
386 2361 507 2396 vcal’
579 2362 624 2397 28
651 2362 709 2397 Ex
725 2361 879 2407 epistola
899 2361 1037 2397 lacobi.
1087 2362 1198 2397 vnde
1217 2362 1326 2398 bena.
1606 2360 1676 2406 256
1717 2359 1795 2408 [53]

2 2425 7 2447 ἓ
63 2418 103 2460 ³}
159 2418 210 2456 Γ·
258 2419 284 2456 b
364 2419 428 2455 iiii
440 2420 519 2455 cal'
579 2429 626 2465 29
651 2419 710 2454 Ex
726 2419 880 2466 epistola
901 2419 1039 2456 Iacobi.
1090 2420 1203 2467 Agite
1220 2431 1332 2456 nunc.
1607 2427 1675 2465 257
1717 2409 1794 2466 [53]

263 2487 285 2514 c
376 2478 427 2513 iii
440 2477 513 2513 cal'
586 2487 632 2523 30
656 2477 761 2513 Felix
777 2489 877 2524 papa
894 2484 1044 2523 martyr.
1607 2487 1674 2524 594
1692 2477 1794 2526 [132]

70 2539 123 2570 ἑὲ,
160 2537 207 2572 xi
258 2535 285 2573 d
347 2536 448 2583 p'die
461 2537 524 2572 cal
531 2537 539 2554 '
581 2545 621 2581 31
651 2536 710 2571 Ex
726 2536 879 2582 epistola
901 2537 1011 2572 ludae.
1068 2537 1182 2573 ludas
1203 2537 1282 2573 Iesu
1301 2536 1464 2573 Christi7.
1605 2546 1676 2582 493
1715 2535 1793 2584 [90]

334 2705 344 2724 ⁸
361 2706 388 2734 Α
406 2716 414 2735 2
431 2706 501 2733 add.
518 2705 553 2733 R.
570 2706 600 2733 P.
615 2706 650 2733 A.
902 2707 914 2726 ἱ
934 2705 990 2733 Hic
1010 2714 1017 2733 ε
1038 2706 1068 2734 P.
1321 2707 1333 2726 ⁸
1351 2706 1415 2735 illos
1435 2715 1442 2734 t
1460 2716 1516 2734 om.
1535 2707 1565 2734 Ρ.

331 2751 694 2785 *reikjam-rorem.
900 2751 1070 2779 ⁶H522R.
1321 2751 1449 2781 0v2P.

330 2794 343 2815 ⁷
426 2797 457 2827 ΙΙ
476 2796 594 2824 Gemini
608 2797 741 2824 calidum
757 2799 787 2824 et
802 2797 969 2830 humidum,
981 2797 1104 2831 sagnam
1124 2797 1248 2824 malum.

477 2841 585 2868 Venam
602 2850 659 2869 non
677 2841 788 2874 minuit,
808 2841 944 2869 Geminos
962 2850 1027 2869 cum
1046 2842 1127 2870 Luna
1145 2842 1262 2870 tenebit.

475 2885 620 2920 Dogmata
638 2892 706 2913 tunc
722 2886 818 2921 pueris
837 2886 899 2913 sunt
917 2885 1064 2914 instilanda
1083 2886 1222 2914 modestis.

473 2930 604 2958 Vendere
622 2937 690 2959 tunc
708 2938 796 2964 tenta,
817 2940 869 2959 nee
887 2932 982 2960 desere
1000 2933 1074 2960 letus
1092 2934 1224 2967 inempta.
1262 2932 1332 2960 add.
1346 2932 1377 2960 P.
