2066 3392
572 213 744 246 INDEX
778 213 1084 247 TERTIARUM
1108 213 1421 247 LECTIONUM.
1759 210 1838 254 205

158 291 292 323 Marcus
314 295 348 322 et
370 289 606 322 Marcellianus
835 288 887 320 Ex
910 288 1012 331 gestis
1036 288 1072 322 S.
1098 288 1287 322 Sebastiani
1309 289 1400 331 apud
1424 289 1569 322 Surium.

160 334 269 366 Maria
293 333 495 376 Magdalena

161 377 297 410 Martha

161 420 308 453 Martina
831 419 923 451 Ado.

162 464 326 496 Martinus
347 463 524 506 episcopus

160 507 325 540 Martinus
347 517 437 550 papa
832 505 973 538 Platina.

160 550 307 583 Mathias
829 550 907 582 Aet.
931 549 1052 591 Apost.
1076 549 1097 582 i.
1123 549 1249 590 15—26
1273 554 1306 581 et
1329 549 1461 582 caeteri.

159 594 330 626 Mattheus
832 593 949 625 Codex
965 593 1201 635 Apocryphus,
1220 592 1392 625 Historiae
1409 592 1638 635 Apostolicae.

160 637 335 670 Mauritius
1313 668 1317 671 Δ

159 681 367 714 Melchiades
834 679 976 712 Platina.

160 725 332 757 Metranus
834 723 1010 762 Eusebius,
1036 722 1096 755 lib.
1121 731 1174 755 VI.
1196 733 1270 765 cap.
1295 723 1384 755 xxxi.

159 767 307 801 Michael
330 767 548 809 archangelus
833 766 975 808 Dionys.
1001 767 1171 809 Areopag.
1196 767 1250 800 De
1272 767 1405 799 coelest.
1432 766 1608 799 Hierarch.
1632 777 1707 810 cap.
1731 768 1775 799 vi.

160 871 328 905 Nativitas
352 871 489 904 Ioannis
511 871 683 913 Baptistae
833 871 915 903 Luc.
939 870 960 903 i.
986 880 1091 913 5—25
1117 875 1149 903 et
1174 871 1314 912 57—65.

159 915 329 948 Nativitas
353 915 482 948 Mariae
502 914 640 957 virginis
833 914 949 946 Codex
966 914 1201 956 Apocryphus‚
1219 914 1374 947 Historia
1389 915 1431 947 de
1447 914 1563 947 Nativ.
1582 914 1721 947 Mariae.

157 958 378 992 Nativitatem
393 958 542 998 Domini,
558 959 630 991 dies
642 964 734 990 sexta
747 963 822 1000 post
838 957 955 990 Lectio
971 968 1012 990 ex
1030 958 1125 990 Brev.
1147 958 1249 990 Rom.
1266 958 1343 991 Vet.

157 1003 190 1035 N
194 1002 320 1036 icolaus
835 1001 1062 1034 Mombritius.

161 1109 355 1152 Pamphilus
836 1108 1075 1150 Hieronymus,
1102 1118 1176 1150 cap.
1200 1108 1288 1140 lxxv.

161 1153 289 1186 Pascha
834 1152 951 1184 Lectio
974 1162 1015 1183 ex
1039 1152 1137 1184 Brev.
1163 1152 1261 1184 Rom.
1291 1151 1369 1183 Vet.

159 1197 281 1229 Paulus
303 1195 430 1238 primus
453 1196 591 1228 eremita
832 1195 913 1228 Vita
935 1206 954 1227 a
979 1195 1103 1228 Sancto
1128 1195 1338 1236 Hieronymo
1361 1195 1594 1238 (Patrologia).

159 1240 286 1279 Petrus,
314 1239 517 1277 Dorotheus,
541 1245 605 1272 etc.
832 1239 1008 1278 Eusebius,
1034 1239 1093 1270 lib.
1117 1247 1201 1271 vm.
1229 1249 1301 1280 cap.
1327 1239 1372 1270 vi.

158 1283 275 1316 Petrus
297 1288 330 1316 et
354 1283 476 1316 Paulus
833 1283 949 1315 Codex
965 1282 1199 1325 Apocryphus,
1218 1282 1390 1315 Historiae
1406 1282 1632 1325 Apostolicae.

159 1327 275 1360 Petrus
297 1327 474 1369 episcopus

158 1370 291 1403 Phileas
313 1375 347 1403 et
371 1370 582 1403 Philoromus
834 1369 1008 1408 Eusebius,
1033 1368 1093 1401 lib.
1118 1376 1200 1401 VIII.
1226 1379 1300 1410 cap.
1329 1379 1378 1401 ro.

158 1414 335 1457 Philippus
357 1418 390 1447 et
415 1414 560 1447 Iacobus
833 1413 951 1445 Codex
967 1412 1202 1455 Apocryphus,
1222 1412 1395 1445 Historiae
1411 1412 1642 1455 Apostolicae.

159 1457 238 1490 Pius
260 1467 350 1500 papa
835 1456 976 1488 Platina.

158 1501 361 1544 Polycarpus
834 1499 1072 1541 Hieronymus,
1089 1510 1163 1542 cap.
1180 1499 1259 1531 xvii.
1276 1503 1309 1532 et
1326 1499 1502 1538 Eusebius,
1518 1499 1577 1532 lib.
1596 1508 1647 1532 1v.
1664 1510 1758 1543 capp.
1774 1500 1838 1533 xiv.

875 1548 908 1576 et
931 1554 984 1576 xv.

159 1587 344 1620 Pontianus
365 1597 454 1630 papa
833 1587 975 1619 Platina.

158 1631 358 1664 Potentiana
381 1631 620 1672 (Pudentiana)
833 1629 1058 1663 Mombritius.

158 1675 384 1708 Praesentatio
407 1674 543 1718 virginis
832 1674 950 1706 Codex
967 1673 1200 1717 Apocryphus,
1222 1673 1374 1706 Historia
1390 1673 1432 1706 de
1449 1674 1565 1707 Nativ.
1584 1674 1723 1707 Mariae.

158 1718 319 1752 Praxedis
833 1717 1059 1750 Mombritius.

158 1762 292 1804 Priscus·
310 1766 374 1795 etc.
830 1761 919 1793 Ado.

158 1805 351 1839 Ptolomeus
373 1809 438 1838 etc.
833 1804 1009 1842 Eusebius,
1032 1804 1092 1837 lib.
1119 1812 1168 1836 tv.
1193 1814 1269 1846 cap.
1294 1803 1372 1836 xvii.

157 1903 389 1946 Quadraginta
411 1902 533 1936 milites
831 1902 921 1935 Ado.

157 2002 355 2079 {aturtssinus
377 2008 410 2035 et
436 2002 602 2036 Sisinnius
833 2001 888 2076 {d
909 2000 1010 2043 gestis
1034 2001 1071 2033 P.
1098 2001 1249 2033 Marcelli
1273 2001 1363 2043 apud
1388 2001 1544 2040 Surium;
1568 2001 1620 2033 vel
1645 2012 1684 2034 ex
1707 2001 1839 2034 Adone.

183 2056 261 2088 erap
288 2056 319 2078 ia
891 2055 923 2077 o.

157 2090 294 2123 Simeon
317 2089 494 2132 episcopus
833 2088 1008 2125 Eusebius,
1033 2087 1091 2119 lib.
1118 2095 1174 2120 111.
1201 2098 1298 2130 capp.
1325 2099 1357 2120 x.
1381 2093 1414 2120 et
1438 2087 1526 2120 xxxi.

157 2133 275 2166 Simon
297 2138 331 2165 et
351 2132 454 2165 Iudas
832 2131 948 2164 Codex
965 2131 1200 2174 Apocryphus,
1223 2131 1394 2164 Historiae
1410 2131 1638 2174 Apostolieae.

157 2177 348 2219 Stephanus
370 2186 460 2218 papa
833 2175 975 2207 Platina.

157 2220 346 2262 Stephanus
368 2224 591 2262 protomartyr
831 2219 909 2251 Act.
934 2219 1054 2260 Apost.
1078 2218 1122 2249 vi.
1148 2223 1180 2250 et
1204 2218 1261 2249 vii.

157 2263 325 2305 Sylvester
348 2272 435 2305 papa
835 2261 976 2294 Platina.

157 2307 386 2349 Symphorosa
834 2305 922 2337 Ado.

155 2404 305 2437 Thomas
327 2404 498 2447 apostolus
830 2402 977 2445 Johann.
1003 2413 1055 2434 xx.
1076 2404 1204 2443 24—28
1221 2407 1253 2435 et
1271 2403 1403 2435 caeteri.

156 2448 305 2481 Thomas
328 2457 469 2490 aquinas

156 2491 306 2524 Thomas
327 2490 598 2533 archiepiscopus

155 2534 406 2576 Thelesphorus
833 2533 973 2565 Platina.

155 2577 354 2610 Timotheus
831 2577 908 2608 Act.
935 2577 1054 2619 Apost.
1081 2576 1144 2608 xvi.
1178 2586 1259 2617 ¹—3
1284 2582 1316 2608 et
1342 2576 1475 2609 caeteri.

155 2621 329 2654 Trinitatis
351 2620 471 2654 festum
831 2620 972 2662 August.
990 2619 1047 2652 lib.
1065 2620 1107 2652 de
1123 2619 1299 2652 Trinitate.
1324 2620 1440 2652 Lectio
1456 2631 1495 2652 ex
1515 2621 1608 2653 Brev.
1630 2621 1728 2653 Rom.
1747 2622 1776 2653 V
1780 2628 1824 2654 ct.

154 2717 352 2752 Valerianus
375 2724 408 2751 et
431 2717 603 2750 Tiburtius
626 2723 687 2750 etc.
831 2717 967 2768 Simeon
992 2717 1236 2760 Metaphrastes
1263 2717 1296 2749 in
1322 2718 1388 2750 vita
1412 2719 1447 2750 S.
1473 2719 1640 2752 Caeciliae
1663 2721 1751 2763 apud
1777 2722 1840 2752 Su-

155 2806 273 2839 Victor
294 2811 326 2837 et
350 2804 484 2838 Corona
830 2772 969 2837 Agl-Lum-

155 2848 350 2882 Vincentius
373 2853 405 2880 et
430 2848 628 2880 Anastasius
829 2848 965 2880 Simeon
990 2847 1236 2889 Metaphrastes
1259 2849 1348 2891 apud
1374 2849 1517 2882 Surium.

155 2891 299 2925 Vincula
322 2893 356 2924 S.
387 2891 475 2923 Petri
833 2892 910 2924 Act.
936 2891 1056 2933 Apost.
1081 2890 1137 2923 xii.
1167 2901 1281 2924 1-11.

155 2935 302 2978 Virginis
319 2935 475 2968 Officium
492 2939 567 2978 post
583 2934 716 2967 advent.
731 2945 802 2977 usq.
831 2935 974 2976 August.
1006 2945 1045 2966 ex
1076 2934 1186 2966 dubiis
1209 2935 1419 2967 sermonibus
1454 2943 1584 2968 ccvui.
1618 2937 1650 2968 in
1675 2937 1758 2969 sesto
1788 2947 1840 2969 as·

197 2979 240 3011 ad
264 2978 390 3021 pascha
875 2977 1084 3020 sumptionis.

321 3032 341 3054 a
364 3021 489 3064 pascha
511 3021 553 3055 ad
578 3026 760 3064 pentecost.
830 3021 988 3054 Bernard.
1004 3021 1106 3054 Dom.
1123 3020 1208 3053 infra
1223 3026 1289 3054 oct.
1305 3021 1379 3054 Ass.
1398 3022 1434 3054 B.
1446 3022 1488 3055 V.
1501 3022 1549 3055 Μ.
1589 3023 1739 3063 Sermo§
1760 3034 1785 3062 ι,
1809 3034 1839 3055 2.
