2066 3392
272 185 350 236 158

272 278 480 319 derentur
549 277 769 319 cruciatus
839 274 1075 328 negligere,

271 336 378 377 iussu
411 335 616 390 praesidis,
636 341 684 376 vt
716 339 841 376 erant
873 333 997 386 ligati
1030 332 1074 371 in

272 407 394 435 mare
434 394 739 435 deturbantur.
801 392 968 433 Diuino
1009 395 1074 429 ta-

273 465 374 493 men
418 466 600 493 munere
641 451 791 492 solutis
830 448 1015 491 vinculis
1051 460 1075 487 e

273 510 434 564 pelago
476 510 574 550 sunt
624 508 869 550 incolumes
915 505 1074 559 egressi.

275 568 437 609 Praeses
468 574 617 609 autem
649 567 734 607 hoc
766 564 949 618 magicis
975 563 1078 604 arti-

272 627 354 667 bus
389 626 619 676 ascribens,
649 624 771 664 iubet
802 637 878 664 eos
910 622 953 662 in
986 634 1077 662 car-

274 698 418 726 cerem
441 684 570 733 trudi,
593 697 643 723 ac
665 681 871 736 postridie
894 677 1078 720 edufftos

276 744 319 783 in
348 755 560 794 magnum
588 754 743 793 rogum
768 738 959 779 immitti.
1024 737 1076 776 In

276 814 365 854 quo
397 813 497 840 cum
525 798 642 839 illaesi
673 796 950 837 nihilosecius
983 808 1078 848 per-

275 858 534 905 mansissent,
576 855 671 910 post
713 855 944 895 innumera
985 853 1081 906 sup-

276 917 409 970 plicia
423 915 582 969 capitis
604 913 944 955 obtruncatione
967 924 1081 950 mar-

277 975 394 1027 tyrio
423 973 521 1014 sunt
549 971 760 1020 coronati,
787 976 831 1011 et
860 969 1026 1010 ibidem
1054 982 1080 1009 a

277 1032 534 1075 Christianis
586 1029 740 1084 sepulti
782 1043 830 1069 .v.
872 1026 1081 1068 calendas

280 1088 498 1133 Offiobris.
582 1087 782 1128 Processu
824 1099 929 1126 vero
970 1091 1082 1125 tem-

277 1149 396 1203 poris
413 1149 605 1188 Romam
621 1144 831 1194 translati,
845 1144 888 1184 in
906 1141 1083 1183 ecclesia

251 1207 470 1260 ,ipsorum
513 1204 693 1246 nomine
734 1203 882 1244 dicata
932 1214 1083 1242 recon-

278 1266 452 1306 duntur.

601 1352 763 1396 Oratio.

289 1435 514 1519 PRaesta
535 1433 784 1488 quaesumus
801 1431 1084 1485 omnipotens

396 1495 518 1542 deus,
534 1499 581 1534 vt
603 1492 678 1545 qui
701 1488 949 1531 sanffitorum
973 1502 1086 1529 mar-

279 1559 431 1606 tyrum
457 1558 634 1592 tuorum
662 1548 833 1591 Cosmae
857 1553 901 1588 et
930 1546 1086 1588 Dami-

282 1611 355 1651 ani
382 1608 587 1650 natalitia
615 1607 800 1647 colimus
827 1621 835 1646 :
865 1603 890 1645 a
915 1601 1086 1645 cunetis

282 1667 410 1709 malis
451 1665 787 1707 imminentibus
828 1676 978 1704 eorum
1022 1662 1085 1702 in-

282 1725 610 1767 tercesfionibus
632 1722 869 1763 liberemur
893 1735 901 1762 :
924 1733 1012 1774 per.

284 1838 329 1883 (l
376 1835 438 1875 M
437 1833 574 1875 z‘clzael
617 1831 897 1884 archangelus
936 1829 1090 1883 duplex

314 1893 468 1934 maius.
509 1891 592 1932 Ad
608 1890 809 1944 vesperas.
851 1889 1067 1941 Hymnus.

370 1977 438 2019 Ibi
481 1976 649 2018 Christe
695 1974 900 2029 splendor
940 1973 1090 2028 patris,

425 2036 545 2084 Vita,
595 2035 733 2075 virtus
783 2032 982 2073 cordium
1035 2032 1087 2072 ln

284 2091 520 2147 conspe&u
543 2091 801 2145 angelorum
818 2090 959 2139 Votis,
982 2103 1090 2131 voce

286 2152 511 2206 psallimus
554 2167 561 2191 :
592 2150 882 2190 Alternantes
913 2161 1091 2188 concre-

287 2211 438 2264 pando
462 2208 605 2249 Melos
627 2208 786 2248 damus
808 2206 1002 2248 vocibus.

347 2267 666 2310 Collaudamus
686 2270 948 2306 venerantes
982 2263 1091 2305 Om-

289 2339 366 2366 nes
392 2325 492 2366 coeli
520 2324 683 2364 milites
707 2338 714 2363 :
749 2323 838 2364 Sed
869 2322 1092 2375 praecipue

288 2384 526 2438 primatem
598 2380 799 2423 Coelestis
869 2380 1092 2420 exercitus

291 2441 556 2482 Michaelem
586 2440 629 2479 in
659 2439 822 2479 virtute
851 2437 1093 2479 Conteren-

287 2506 379 2540 tem
403 2498 603 2539 zabulon.

350 2556 452 2609 Quo
474 2554 653 2596 custode
675 2553 827 2608 procul
849 2552 967 2607 pelle
991 2553 1093 2593 Rex

291 2614 447 2655 christe
473 2614 655 2667 pijsssme
683 2612 830 2654 Omne
858 2611 982 2651 nefas
1015 2611 1094 2650 ini-

293 2673 395 2713 mici
430 2671 604 2712 Mundo
645 2670 789 2718 corde,
832 2674 876 2709 et
910 2681 1094 2721 corpore

295 2729 500 2771 Paradiso
523 2728 658 2769 redde
679 2733 757 2768 tuo
781 2727 875 2767 Nos
898 2725 986 2766 sola
1008 2725 1094 2766 cle-

294 2788 471 2828 mentia.

353 2844 549 2886 Gloriam
582 2843 696 2897 patri
729 2841 915 2882 melodis
948 2840 1094 2882 Perso-

293 2916 449 2944 nemus
470 2901 679 2943 vocibus:
705 2899 901 2941 Gloriam
926 2898 1096 2940 Christo

474 3002 486 3024 ¹
512 3002 572 3037 die
591 3011 643 3047 29.
663 3002 704 3035 in
723 3013 769 3035 m.

946 196 1265 231 SEPTEMBER.

1144 285 1355 312 canamus
1390 285 1398 312 z
1433 264 1631 312 Gloriam
1673 265 1897 323 paracleto
1934 278 1945 307 ι

1145 330 1234 383 Qui
1271 329 1411 370 trinus
1445 334 1489 369 et
1530 340 1642 369 vnus
1676 326 1785 367 deus
1817 328 1946 365 extat

1143 394 1248 429 ante
1270 386 1420 428 secula.
1481 385 1645 427 Amen.

1467 475 1632 518 Oratio.

1154 552 1345 635 DEus
1379 550 1454 604 qui
1488 550 1599 590 miro
1630 547 1785 589 ordine
1816 559 1948 600 ange-

1269 610 1410 650 lorum
1434 607 1682 655 ministeria‚
1698 604 1949 645 hominum—

1148 682 1235 721 que
1249 666 1490 720 dispensas:
1505 665 1698 706 concede
1712 662 1948 716 propitius:

1147 733 1194 767 vt
1226 726 1384 779 quibus
1416 724 1496 765 tibi
1530 721 1874 763 ministrantibus
1905 719 1949 760 in

1149 784 1262 825 coelo
1285 783 1454 836 semper
1475 780 1673 822 assistitur
1698 795 1706 820 :
1733 779 1790 819 ab
1816 777 1884 818 his
1906 777 1948 818 in

1149 848 1264 883 terra
1285 841 1377 882 vita
1400 839 1544 880 nostra
1567 837 1791 879 muniatur
1813 851 1821 877 :
1843 848 1930 890 per.

1150 936 1194 981 ΙΙ
1218 932 1300 974 Ad
1328 931 1592 972 matutinum
1616 924 1950 970 z'nnitcztorizmz¹.

1211 1007 1381 1060 Regem
1414 1001 1696 1058 angelorum²
1721 1001 1950 1044 dominum

1151 1066 1298 1107 venite
1321 1064 1566 1105 adoremus.

1442 1154 1657 1207 Hymnus.

1235 1229 1382 1271 Hriste
1397 1226 1643 1269 sanffmrum
1667 1225 1801 1266 decus
1823 1236 1955 1277 ange-

1261 1288 1414 1333 lorum,
1436 1283 1601 1326 Re&or
1621 1282 1802 1324 humani
1824 1294 1955 1335 gene-

1155 1346 1224 1396 ris,
1266 1351 1310 1386 et
1351 1342 1505 1385 au&or
1546 1342 1688 1383 Nobis
1739 1346 1954 1381 aeternum

1154 1405 1296 1446 tribue
1313 1403 1530 1455 benignus
1543 1399 1764 1442 Scandere
1781 1396 1955 1438 coelum.

1212 1461 1439 1514 Angelum
1488 1459 1608 1513 pacis
1655 1453 1849 1498 Michael
1897 1453 1956 1495 ad

1155 1519 1280 1560 istam
1305 1532 1314 1559 :
1345 1517 1532 1559 Coelitus
1564 1515 1680 1556 mitti
1713 1513 1958 1567 rogitamus

1154 1577 1302 1618 aulam
1325 1592 1333 1617 :
1355 1575 1498 1617 Nobis
1512 1581 1559 1615 vt
1581 1573 1732 1615 crebro
1754 1571 1959 1613 veniente

1155 1635 1349 1676 crescant
1373 1632 1581 1686 Prospera
1602 1628 1769 1671 cunGta.

1213 1691 1416 1746 Angelus
1479 1689 1602 1730 fortis
1669 1685 1861 1735 Gabriel,
1911 1690 1959 1727 vt

1155 1750 1324 1791 hostem
1357 1747 1498 1790 Pellat
1530 1746 1774 1800 antiquum,
1805 1743 1961 1785 volitet

1156 1808 1213 1849 ab
1241 1808 1332 1849 alto
1362 1823 1370 1848 z
1399 1806 1572 1859 Saepius
1599 1803 1818 1857 templum
1839 1801 1961 1843 veni-

1157 1880 1234 1907 ens
1257 1866 1313 1907 ad
1336 1864 1447 1905 istud
1470 1863 1618 1904 Visere
1640 1861 1845 1902 nostrum.

1216 1922 1445 1976 Angelum
1469 1921 1597 1962 nobis
1622 1934 1630 1962 ε
1653 1917 1875 1960 medicum
1898 1915 1961 1957 sa-

1158 1982 1261 2023 lutis
1291 1981 1423 2021 Mitte
1449 1980 1505 2020 de
1526 1977 1650 2019 coelis
1678 1974 1893 2030 Raphael,
1913 1979 1963 2015 vt

1158 2053 1313 2081 omnes
1337 2039 1475 2080 Sanet
1495 2041 1698 2091 aegrotos,
1713 2033 1963 2088 pariterque

1160 2098 1326 2139 nostros
1350 2095 1526 2149 Dirigat
1547 2092 1683 2135 aetus.

1221 2155 1340 2196 Hinc
1354 2154 1425 2195 dei
1443 2152 1573 2193 nostri
1587 2149 1781 2205 genitrix
1795 2147 1964 2190 Maria:

1160 2214 1302 2254 Totus
1320 2218 1363 2253 et
1381 2211 1507 2252 nobis
1525 2210 1683 2250 chorus
1705 2205 1964 2260 angelorum

1162 2272 1350 2324 Semper
1380 2268 1548 2318 assistat,
1582 2265 1726 2309 Simul
1757 2271 1802 2306 et
1832 2264 1965 2305 beata

1163 2330 1331 2371 Concio
1353 2333 1459 2368 tota.

1222 2385 1401 2427 Praestet
1423 2385 1507 2424 hoc
1530 2382 1659 2423 nobis
1675 2380 1818 2422 deitas
1831 2378 1964 2420 beata

1164 2444 1317 2493 Patris,
1339 2457 1390 2483 ac
1421 2442 1527 2490 nati,
1551 2441 1801 2494 pariterque
1830 2434 1966 2478 sanGti

1164 2502 1367 2556 Spiritus,
1402 2500 1526 2541 cuius
1568 2498 1722 2538 reboat
1763 2496 1807 2536 in
1843 2493 1966 2536 omni

1164 2559 1317 2602 Gloria
1339 2558 1518 2599 mundo.
1579 2555 1741 2596 Amen.

1413 2647 1559 2688 LeHio
1580 2645 1719 2688 tertia.

1257 2722 1450 2764 Voniam
1461 2720 1594 2761 hodie
1605 2718 1760 2760 festum
1771 2715 1967 2758 Michae-

1288 2780 1340 2821 lis
1381 2777 1653 2831 Archangeli
1694 2774 1967 2816 celebramus

1164 2853 1252 2880 non
1276 2839 1357 2879 erit
1374 2837 1431 2878 ab
1449 2850 1493 2877 re
1510 2848 1651 2890 pauca
1665 2834 1720 2875 de
1737 2831 1965 2873 ordinibus

1165 2895 1505 2951 praestantiaque
1547 2891 1805 2946 angelorum
1845 2902 1965 2930 com-

1221 2997 1235 3018 2
1261 2995 1570 3040 archangelorum
1592 3004 1599 3028 :
1622 2993 1665 3026 R.
1683 2992 1721 3025 P.
1738 2991 1781 3025 A.
