2066 3392
856 201 927 235 No
935 179 1156 235 VEAiBER.

171 281 217 328 (I
239 278 324 320 Ad
343 274 610 322 matutinum
639 275 977 320 imitatorium&

233 354 619 397 Praesentationem
656 353 838 407 virginis
880 353 979 395 Ma-

172 412 249 454 riae
291 413 576 463 celebremus,
618 412 838 455 Christum
885 411 978 453 eius

173 470 314 512 filium
337 471 572 513 adoremus
594 471 837 512 dominum.

467 563 686 617 Hymnus.

234 636 275 679 O
297 637 498 690 gloriosa.

448 728 595 770 Lec'Zio
626 727 702 784 ,iz-'72

182 803 374 886 BEata
393 803 520 857 virgo
543 803 698 850 Maria,
722 816 822 856 quae
846 815 980 856 pepe-

284 862 339 903 rit
373 861 528 902 mundi
561 861 902 915 redemptorem,
933 866 980 901 vt

174 926 269 961 erat
305 920 440 960 etiam
474 925 716 973 antequam
753 918 797 959 in
834 918 978 959 lucem

174 978 389 1026 ederetur,
404 977 536 1031 plena
551 976 696 1031 gratia
717 990 726 1018 ε
743 990 799 1017 ac
810 976 980 1030 peccati

174 1036 320 1077 omnis
337 1035 557 1084 immunis,
575 1035 628 1076 s1c
646 1035 689 1075 in
707 1035 828 1075 omni
845 1039 979 1075 aetate

175 1093 404 1148 praebebat
432 1107 595 1147 magna
616 1093 887 1133 documenta
915 1093 980 1133 in-

176 1151 266 1193 sitae
301 1151 477 1192 virtutis
510 1157 554 1192 et
591 1150 757 1204 gratiae.
820 1150 981 1204 Itaque

175 1223 276 1251 cum
300 1209 405 1250 esset
426 1209 574 1263 puella
596 1209 728 1250 trium
752 1221 979 1257 annorum,

175 1268 498 1321 ducereturque
529 1265 555 1308 a
586 1267 843 1320 parentibus
881 1266 981 1307 Ioa-

176 1326 308 1367 chino
334 1332 378 1366 et
400 1325 547 1373 Anna,
567 1331 616 1366 vt
646 1324 983 1379 praesentaretur

175 1384 220 1424 in
256 1382 438 1438 templo,
474 1384 597 1424 cuius
630 1382 981 1437 praesentationis

177 1440 333 1483 festum
381 1441 515 1482 hodie
555 1440 813 1491 celebratur,
853 1440 982 1494 quin-

176 1500 320 1541 decim
333 1499 507 1554 graduS,
518 1499 677 1553 quibus
690 1499 746 1540 ad
762 1497 980 1552 templum

176 1557 505 1606 ascendebatur,
516 1557 604 1598 sola
622 1556 708 1598 slne
722 1557 981 1598 adiumento

176 1615 417 1669 cuiuspiam
448 1615 645 1656 ascendit
670 1630 679 1656 ε
707 1612 875 1656 ευηὸὶίε
904 1615 982 1656 ad-

177 1673 441 1715 mirantibus
458 1679 633 1714 tantum
650 1673 806 1715 virium
826 1673 870 1713 in
887 1679 980 1714 tam

175 1739 328 1774 tenera
344 1737 477 1773 aetate
499 1731 673 1781 subesse,
691 1737 735 1772 et
757 1737 850 1772 tam
869 1730 980 1772 festi-

178 1800 330 1832 natam
348 1789 547 1844 expresse
564 1789 786 1844 loquendi,
805 1794 848 1830 et
871 1789 982 1843 sapi-

176 1848 278 1890 endi
332 1847 647 1889 maturitatem.
714 1847 983 1888 Praesentata

178 1906 312 1960 igitur
351 1905 470 1959 quasl
513 1905 669 1947 mulier
709 1905 797 1946 iam
837 1905 982 1946 aetatis

177 1961 401 2018 prouec‘tae
424 1963 467 2004 in
497 1963 666 2017 templo
694 1963 881 2017 supplex
903 1963 983 2004 do-

178 2021 349 2063 minum
367 2021 593 2070 adorabat,
612 2035 664 2062 ae
686 2021 729 2062 in
748 2021 819 2062 dei
842 2020 983 2062 laudi-

177 2079 260 2121 bus
282 2078 619 2120 constantissime
645 2078 952 2132 perseuerabat
974 2093 983 2119 :

178 2137 557 2179 conuenientibus
589 2137 795 2178 videlicet
847 2136 983 2190 initijs

177 2195 316 2237 vitam
346 2194 586 2252 instit-nens,
612 2194 753 2248 qualis
780 2208 878 2235 eam
908 2195 984 2235 dc-

177 2250 336 2303 cebat²,
380 2266 481 2306 quae
528 2252 668 2293 filium
719 2251 790 2293 dei
840 2252 984 2306 super-

179 2309 407 2352 ueniente²’
452 2309 620 2364 Spiritu
667 2307 816 2351 sanfto
860 2310 985 2364 virgo

179 2368 286 2411 esset
308 2368 517 2423 paritura.

276 2473 322 2519 (I
358 2470 528 2515 Coecz'lia
559 2470 684 2526 virgo
716 2477 894 2525 martyr.

450 2579 596 2621 Lec71'0
627 2578 719 2633 .τ’ξ]““.

183 2654 434 2741 CAecilia
473 2654 598 2708 virgo
635 2667 771 2695 romae
811 2653 986 2695 nobilis-

289 2713 404 2754 simis
426 2712 683 2767 parentibus
705 2718 814 2762 orta,
831 2712 873 2753 in
898 2711 984 2753 fide

181 2771 339 2815 Christi
382 2770 553 2824 optime
598 2767 820 2819 instruet&
865 2769 985 2811 suam

179 2830 267 2871 deo
332 2828 635 2882 virginitatem
704 2827 986 2869 consecrauit.

181 2886 296 2942 Quae
346 2885 500 2928 Marco
550 2884 736 2928 Aurelio
783 2884 987 2928 Antonio

251 2971 263 2994 ¹
290 2970 351 3007 die
369 2980 423 3007 21.
442 2970 483 3005 in
501 2981 549 3005 m.

250 3018 264 3041 ²
288 3018 448 3054 docebat
472 3029 479 3054 ι
501 3018 543 3053 R.

1776 199 1851 243 171

1046 277 1327 332 imperatore,
1342 291 1444 320 cum
1461 278 1602 321 inuita
1614 278 1855 321 Valeriano

1048 336 1310 390 desponsata
1327 336 1480 386 fuisset,
1492 337 1582 391 ipsa
1599 338 1854 391 nuptiarum

1048 392 1186 435 nocte
1221 394 1423 448 sponsum
1465 394 1706 448 alloquitur
1741 395 1855 436 affir-

1050 465 1178 493 mans
1207 452 1248 493 se
1274 452 1483 506 angelum
1509 453 1580 494 dei
1607 458 1854 494 amatorem

1050 509 1225 560 habere,
1258 511 1333 564 qui
1365 524 1524 564 corpus
1556 510 1679 551 suum
1716 511 1855 552 nimio

1050 567 1144 608 zelo
1162 568 1444 622 impollutum
1462 568 1709 610 custodiret.
1753 569 1855 610 Pro-

1050 625 1154 667 inde
1181 632 1370 676 caueret,
1396 627 1560 680 nequid
1592 626 1635 667 in
1665 626 1706 668 se
1733 640 1854 668 com-

1050 685 1368 738 mitteret,.qu0
1398 685 1506 725 iram
1536 685 1734 726 diuinam
1762 685 1854 726 irri-

1049 747 1165 783 taret
1196 741 1370 796 Quibus
1412 748 1559 783 motus
1590 742 1854 784 Valerianus

1051 813 1140 841 non
1181 799 1309 841 ausus
1350 814 1448 842 eam
1495 801 1764 856 contingere,
1804 800 1855 842 li-

1050 857 1207 899 benter
1242 858 1283 899 se
1317 858 1526 912 angelum
1562 858 1752 900 visurum
1789 872 1855 900 re-

1050 916 1237 970 spondit.
1299 917 1359 957 Et
1396 917 1643 958 affirmante
1676 916 1855 958 Caecilia

1050 974 1134 1015 hoc
1162 974 1248 1015 fine
1276 974 1496 1028 baptismo
1522 988 1611 1015 non
1635 974 1775 1024 licere,
1797 975 1854 1016 ad

1049 1031 1281 1073 Vrbanum
1300 1046 1464 1086 papam
1483 1033 1596 1074 inter
1609 1038 1854 1086 martyrum

1050 1089 1278 1144 sepulchra
1314 1090 1566 1131 latitantem
1606 1091 1809 1144 peruenit
1846 1106 1855 1131 :

1050 1147 1108 1188 ab
1139 1161 1282 1202 eoque
1314 1149 1574 1202 baptizatur.
1639 1148 1856 1190 Reuersus

1050 1211 1199 1246 autem
1217 1205 1442 1248 Caeciliam
1458 1212 1658 1248 orantem
1675 1207 1856 1257 inuenit,

1051 1269 1096 1305 et
1131 1263 1340 1317 angelum
1377 1277 1479 1305 cum
1516 1278 1568 1305 ea
1604 1265 1747 1306 forma
1779 1265 1856 1306 de-

1050 1335 1197 1363 corem
1220 1322 1465 1363 humanum
1488 1323 1746 1364 excedente.
1807 1322 1855 1364 A

1051 1393 1140 1434 quo
1181 1394 1240 1420 ex
1287 1394 1453 1434 magno
1499 1381 1658 1422 timore
1700 1380 1855 1422 confir-

1053 1444 1210 1487 matus,
1225 1438 1480 1491 impetrauit
1498 1453 1507 1479 ε
1524 1445 1572 1480 vt
1586 1438 1855 1493 Tyburtium

1050 1509 1228 1550 quoque
1274 1496 1455 1537 fratrem
1502 1496 1627 1537 suum
1667 1496 1856 1538 charissi-

1052 1567 1174 1594 mum
1220 1554 1278 1595 ad
1323 1553 1456 1595 fidem
1505 1555 1855 1596 conuertendum

1050 1618 1233 1653 curaret.
1297 1611 1385 1666 Qui
1426 1612 1670 1666 Tyburtius
1707 1610 1856 1655 samsto

1050 1669 1201 1724 spiritu
1231 1669 1417 1720 afflatus,
1445 1670 1578 1712 fratre
1596 1677 1648 1712 et
1678 1670 1857 1713 Caecilia

1050 1726 1304 1769 amstoribus
1356 1729 1414 1770 ab
1467 1729 1624 1770 eodem
1672 1729 1857 1771 Vrbano

1051 1785 1315 1840 baptizatur.
1361 1786 1497 1829 Cuius
1515 1787 1575 1828 rei
1593 1785 1856 1828 Almachius

1049 1844 1169 1884 vrbis
1215 1843 1450 1898 praefeCms
1494 1845 1653 1886 certior
1700 1842 1856 1898 faetus,

1051 1902 1321 1956 Tyburtium
1351 1909 1395 1944 et
1418 1902 1706 1944 Valerianum
1735 1916 1856 1944 com-

1052 1959 1266 2013 prehendi
1289 1961 1421 2001 iubet.
1472 1961 1677 2014 Cumque
1698 1960 1856 2002 immo-

1052 2018 1142 2058 lare
1190 2018 1280 2059 iussi
1330 2023 1664 2059 contemnerent
1712 2018 1856 2072 plum-

1051 2075 1167 2116 batis
1201 2075 1334 2116 caesos
1366 2075 1514 2117 affecit
1548 2077 1771 2130 martyrio,
1805 2090 1857 2118 ac

1053 2133 1255 2187 protinus
1300 2133 1534 2175 facultates
1582 2147 1734 2175 eorum
1777 2148 1857 2176 ex-

1053 2191 1244 2245 quirens,
1262 2191 1489 2233 Caeciliam
1507 2192 1856 2246 comprehendit.

1053 2249 1100 2290 A
1136 2262 1224 2303 qua
1260 2263 1359 2290 cum
1397 2263 1552 2290 omnes
1589 2250 1856 2304 pauperibus

1055 2306 1307 2348 distributas
1324 2307 1407 2348 esse
1421 2307 1713 2360 cognosceret,
1727 2307 1856 2350 vehe-

1057 2371 1227 2406 menter
1262 2371 1525 2414 commotus,
1561 2379 1659 2406 eam
1697 2366 1741 2407 in
1778 2366 1857 2407 do-

1056 2436 1178 2463 mum
1212 2422 1330 2464 suam
1360 2421 1636 2474 abstraftam,
1665 2422 1857 2466 flammis

1055 2480 1337 2522 balnearibus
1398 2481 1667 2522 concremari
1735 2482 1857 2524 iubet

1057 2537 1147 2580 Sed
1166 2552 1265 2579 cum
1290 2538 1421 2579 illaesa
1438 2545 1728 2592 permaneret,
1745 2540 1858 2582 misit

1056 2596 1318 2646 carnificem,
1345 2597 1420 2650 qui
1450 2597 1582 2638 tertio
1608 2595 1696 2638 ἰξὶυ
1723 2605 1858 2652 caput

1057 2654 1149 2695 eius
1175 2661 1406 2708 amputare
1435 2668 1524 2696 non
1546 2654 1709 2705 valens,
1734 2655 1858 2697 semi-

1057 2725 1210 2753 necem
1238 2712 1423 2766 reliquit.
1486 2712 1575 2755 Sed
1605 2713 1738 2766 paulo
1763 2714 1858 2768 post

1057 2784 1100 2811 x.
1160 2770 1368 2811 calendas
1435 2770 1695 2812 Decembris
1755 2785 1856 2814 cum

1057 2826 1207 2883 palma
1236 2827 1434 2882 martyrij
1464 2828 1671 2882 migrauit
1692 2829 1748 2870 ad
1778 2829 1856 2871 do-

1058 2886 1239 2928 minum.
1321 2885 1429 2927 Eius
1489 2893 1638 2928 autem
1699 2901 1859 2942 corpus

1126 2969 1140 2992 ³
1166 2969 1406 3006 subueniente
1426 2982 1434 3006 :
1455 2971 1492 3007 P.

1127 3016 1139 3039 ⁴
1166 3017 1227 3053 die
1246 3027 1299 3054 22.
1320 3018 1362 3053 t'n
1380 3029 1427 3052 m.
