2066 3392
856 214 990 247 FEBR
996 214 1059 247 UA
1064 215 1122 246 R!
1123 214 1190 248 US.

186 297 282 340 dux
318 296 470 339 extitit
496 295 562 337 vir
591 295 770 350 pietate,
806 299 852 336 et
889 293 987 335 reli-

186 356 329 410 gione,
392 354 787 408 magnitudineque
850 352 987 393 animi

189 413 332 455 clarus
360 409 594 454 Adaufflms
626 411 766 453 Italus
796 410 986 452 natione.

189 471 278 527 Qui
310 470 460 512 multis
501 469 742 511 honoribus
783 467 989 522 reipubli-

187 543 251 571 cae
282 525 469 575 func'stus,
506 534 602 569 tum
637 540 815 581 quoque
846 525 988 580 publi-

187 600 288 629 cum
312 600 474 628 munus
496 586 539 627 in
563 584 637 626 illa
658 585 766 626 vrbe
782 583 989 625 adminis-

186 645 346 686 trabat.
409 644 553 685 Huius
590 644 706 684 enim
744 643 788 684 in
823 641 990 683 confes-

186 702 303 744 slone
334 701 491 745 Christi
525 701 815 743 constantiam
844 699 990 741 omnis

187 760 376 815 populus
405 759 576 801 secutus
606 758 678 808 est,
704 771 846 812 eoque
877 758 990 799 duce

187 818 403 860 clariffimi
426 817 622 870 martyrij
641 815 837 870 palmam
855 815 988 870 adep-

186 882 259 918 tus
279 876 363 930 .vij.
386 876 494 918 idus.
521 874 759 928 Februarij.

187 973 232 1020 (I
254 969 487 1024 Apollonia
508 969 632 1023 virgo
654 975 832 1022 martyr.
889 967 991 1009 Lec-

523 1028 582 1069 tio
603 1026 700 1081 ,iij¹.

189 1101 475 1185 APollonia
502 1101 628 1155 virgo
655 1101 698 1142 in
720 1100 827 1141 vrbe
848 1099 991 1140 Alex-

293 1159 479 1201 andrina
501 1159 707 1200 saeuiente
733 1159 776 1199 in
799 1157 990 1199 christia-

190 1231 271 1259 nos
307 1224 508 1272 tempore
546 1216 671 1270 Decij
711 1216 990 1270 imperatoris

189 1275 500 1330 persecutione,
534 1288 634 1315 cum
672 1275 760 1315 iam
793 1274 836 1314 in
869 1273 989 1314 senili

188 1339 322 1375 aetate
343 1332 369 1374 a
390 1332 560 1374 furente
582 1332 748 1387 populo
777 1337 990 1386 correpta,

188 1397 234 1433 et
273 1391 330 1433 ad
372 1390 492 1432 idola
542 1388 756 1444 perducta
805 1390 990 1431 adorare

189 1448 439 1491 recusasset:
497 1449 654 1490 dentes
706 1448 745 1489 ei
796 1447 987 1500 primum

189 1507 320 1548 effoffi
359 1506 455 1548 sunt
488 1519 654 1554 omneS,
689 1505 851 1547 deinde
886 1518 988 1546 con-

187 1564 319 1620 gestis
373 1564 512 1618 lignis,
565 1563 826 1618 incensoque
882 1575 989 1616 rogo

189 1622 491 1664 combusturos
514 1621 554 1663 se
575 1622 799 1662 minantur
819 1619 989 1662 carnifi-

189 1694 261 1722 ces
290 1681 456 1722 viuam:
493 1679 566 1721 nisi
597 1679 816 1722 Christum
849 1677 989 1720 detes-

190 1744 298 1787 tata,
318 1739 426 1780 deos
451 1738 620 1779 alienos
648 1737 862 1778 adoraret.
925 1735 990 1778 At

191 1795 266 1837 illa
293 1796 335 1837 in
364 1795 449 1837 fide
472 1795 627 1838 Christi
655 1794 991 1836 constantissime

191 1853 484 1908 perseuerans,
512 1853 846 1894 crudelissimam
876 1865 990 1893 mor-

134 1927 150 1933 ·
191 1917 282 1953 tem
310 1911 450 1953 subire
479 1910 653 1952 maluit:
684 1924 819 1964 quam
842 1909 868 1950 a
889 1923 992 1951 vera

192 1969 358 2023 pietate
399 1968 629 2010 discedere.
694 1969 852 2022 Itaque
898 1980 990 2008 cor-

192 2040 298 2081 pore
321 2026 554 2067 saeuiffimis
577 2025 768 2067 flammis
789 2025 991 2078 absump-

192 2092 251 2134 to,
273 2081 461 2125 inuictus
491 2083 663 2138 spiritus
686 2083 727 2123 in
751 2082 911 2124 coelum
936 2082 991 2123 ad

194 2141 391 2195 martyrij
444 2154 654 2182 coronam
706 2140 900 2182 euolauit
943 2154 991 2180 .v.

194 2199 291 2241 idus
314 2198 531 2251 februarij.

193 2301 238 2350 η
299 2299 494 2342 Sime0n²
543 2299 752 2353 episcopus
813 2306 992 2352 martyr.

475 2357 617 2398 Lec‘lio
637 2355 740 2411 .iij³.

202 2431 356 2515 POst
385 2432 644 2486 martyrium
678 2431 826 2473 Iacobi
849 2430 994 2472 fratris

308 2490 488 2539 domini,
523 2496 567 2531 et
603 2490 762 2531 deinde
800 2489 992 2530 secutum

196 2547 563 2601 lerosolymorum
602 2547 846 2588 excidium:
891 2559 993 2587 cum

194 2605 392 2659 apostoli,
449 2605 685 2659 caeterique
749 2603 995 2658 superstites

195 2662 392 2717 discipuli
424 2663 617 2716 vndique
648 2659 789 2703 coacti
826 2662 882 2703 de
919 2662 994 2703 eli-

192 2722 339 2774 gendo
355 2719 558 2774 episcopo
575 2720 617 2761 in
640 2732 874 2761 commune
891 2733 994 2760 con-

194 2778 421 2820 sultarent:
464 2790 627 2831 magno
658 2777 857 2818 omnium
890 2790 993 2818 con-

195 2835 312 2877 sensu
347 2835 525 2877 Simeon
560 2835 771 2889 Cleophae
804 2834 917 2875 filius
950 2835 992 2875 in

268 2992 276 3014 ¹
307 2992 369 3028 die
385 3001 428 3037 .9.
449 2992 490 3026 in
509 3003 553 3027 m.
608 3003 674 3027 om.
701 2993 737 3027 P.

265 3037 279 3060 ²
308 3038 438 3075 Simon
462 3051 469 3074 ι
490 3039 527 3073 Ρ.

1780 212 1855 256 115

1058 293 1280 335 demortui
1300 291 1474 335 Iacobi⁴
1489 292 1634 335 locum
1644 293 1859 336 sufficitur.

1061 350 1149 405 Qui
1181 351 1468 393 consobrinus
1506 351 1662 393 Christi
1696 352 1859 393 idcirco

1060 410 1312 459 vocabatur,
1341 410 1446 464 quia
1474 409 1697 463 Cleophas
1729 409 1861 451 frater

1059 466 1142 509 fuit
1160 467 1328 522 Ioseph,
1346 473 1394 509 vt
1418 467 1663 522 Egesippus
1679 466 1740 508 est
1757 481 1858 509 auc-

1058 532 1138 567 tor.
1203 525 1316 568 Cum
1353 539 1459 580 ergo
1496 524 1679 567 Simeon
1709 525 1861 566 multis

1059 584 1186 624 annis
1231 583 1333 624 huic
1384 583 1572 624 ecclesiae
1614 583 1861 636 praefuisset,

1059 641 1252 683 Traiano
1274 642 1540 695 imperatore
1561 640 1741 683 Atticus
1762 655 1866 682 con-

1060 698 1210 740 sularis
1242 700 1422 753 cognito
1454 699 1574 753 quod
1604 698 1675 739 hic
1701 713 1759 739 ex
1788 713 1863 753 ge-

1061 770 1163 798 nere
1196 757 1345 798 Dauid
1375 757 1480 798 esset
1512 763 1556 798 et
1592 756 1861 807 christianus,

1061 814 1211 856 multis
1257 829 1357 856 eum
1421 814 1643 869 supplicijs
1699 814 1857 856 affecit.

1060 872 1235 927 Quibus
1271 873 1381 914 mira
1416 873 1631 927 patientia
1666 872 1863 914 toleratis

1060 931 1116 972 ad
1149 944 1322 972 crucem
1359 931 1608 979 damnatur,
1640 930 1782 980 iussus,
1814 937 1861 972 vt

1060 1002 1192 1043 quern
1233 989 1325 1030 vita
1357 989 1532 1038 coleret,
1565 988 1658 1029 eius
1689 989 1862 1030 exitum

1061 1052 1203 1088 morte
1238 1061 1415 1102 quoque
1456 1047 1711 1087 imitaretur.
1774 1046 1863 1088 Ita-

1061 1118 1147 1158 que
1176 1105 1291 1145 cruci
1321 1103 1483 1146 affixus
1514 1103 1576 1145 est
1602 1102 1690 1157 xij.
1717 1103 1863 1146 calen-

1060 1162 1140 1203 das
1156 1162 1304 1216 Martij
1321 1176 1422 1203 cum
1440 1176 1555 1203 .cx><.
1574 1175 1715 1203 annos
1732 1168 1863 1203 natus

1059 1220 1174 1268 esset,
1222 1219 1393 1262 cuntff'tis
1443 1219 1765 1261 admirantibus
1818 1220 1861 1260 in

1059 1291 1241 1332 corpore
1262 1284 1355 1319 tam
1378 1277 1510 1325 senili,
1527 1284 1619 1318 tam
1638 1276 1863 1318 robustum

1058 1337 1256 1435 i&tintirfisum
1273 1337 1328 1378 ad
1345 1335 1525 1377 ferenda
1539 1334 1750 1389 supplicia
1767 1349 1863 1389 per-

1095 1407 1107 1434 1
1132 1407 1143 1434 1
1181 1408 1215 1435 e.

1058 1525 1103 1571 (I
1163 1522 1375 1566 Catlzedra
1415 1523 1542 1564 Petri
1579 1522 1753 1578 apostoli
1787 1522 1866 1564 du-

1106 1581 1208 1635 plex
1226 1581 1379 1622 maius.
1420 1580 1484 1622 ad
1495 1581 1694 1636 vesperas.
1726 1581 1866 1634 Hym-

1117 1653 1207 1680 nus.

1156 1724 1436 1778 Vodcunque
1457 1723 1612 1766 vinclis
1635 1723 1760 1778 super
1780 1730 1866 1773 ter-

1176 1795 1270 1823 ram
1292 1782 1533 1823 strinxerit:
1567 1782 1663 1823 Erit
1685 1783 1727 1823 in
1744 1782 1866 1823 astris

1061 1841 1294 1894 religatum
1318 1840 1509 1881 fortiter:
1543 1840 1602 1881 Et
1620 1841 1738 1893 quod
1756 1839 1866 1881 reso-

1062 1898 1143 1940 luit
1172 1899 1214 1938 in
1244 1898 1368 1939 terris
1397 1898 1595 1939 arbitrio:
1629 1897 1725 1938 Erit
1755 1897 1866 1939 solu-

1062 1963 1157 1998 tum
1189 1955 1314 2009 super
1341 1956 1440 1997 coeli
1476 1955 1666 1997 radium:
1701 1955 1751 1996 In
1780 1955 1866 1996 fine

1064 2014 1216 2055 mundi
1240 2013 1377 2054 iudex
1400 2012 1482 2054 erit
1505 2012 1644 2054 seculi.

1121 2070 1271 2112 Gloria
1304 2071 1416 2124 patri
1450 2084 1528 2124 per
1559 2070 1770 2112 immensa
1807 2070 1867 2111 se-

1062 2128 1179 2169 cula:
1205 2129 1272 2170 Sit
1292 2129 1370 2169 tibi
1390 2134 1492 2169 nate
1509 2129 1655 2178 decus,
1669 2134 1713 2169 et
1731 2129 1867 2182 impe·

1062 2186 1194 2227 rium:
1221 2186 1389 2234 Honor,
1408 2185 1611 2239 potestas,
1631 2183 1868 2240 sanctoque

1064 2243 1227 2297 spiritui
1264 2244 1332 2286 Sit
1359 2243 1545 2285 trinitati
1575 2243 1686 2284 salus
1711 2243 1866 2284 indiui-

1063 2302 1151 2342 dua
1169 2302 1249 2342 Per
1271 2301 1440 2342 infinita
1457 2301 1697 2342 seculorum
1715 2300 1866 2343 secula.

1064 2358 1228 2400 Amen.

1383 2459 1547 2502 Oratio.

1076 2539 1262 2622 DEuS‚
1284 2541 1357 2595 qui
1381 2541 1513 2582 beato
1543 2540 1673 2581 Petro
1695 2539 1869 2594 aposto-

1177 2599 1219 2640 lo
1241 2606 1318 2640 tuo
1340 2598 1512 2640 collatis
1529 2597 1727 2639 clauibus
1746 2599 1866 2652 regni

1063 2656 1249 2700 coelestis
1290 2657 1461 2697 animas
1514 2656 1691 2709 ligandi,
1734 2663 1868 2710 atque

1065 2715 1259 2758 soluendi
1308 2712 1581 2768 pontificium
1624 2713 1867 2756 tradidisti:

1063 2773 1268 2820 concede,
1313 2778 1359 2813 vt
1412 2771 1722 2812 intercessionis
1775 2772 1867 2813 eius

1063 2831 1232 2874 auxilio
1253 2829 1278 2870 a
1304 2835 1587 2883 peccatorum
1623 2828 1871 2870 nostrorum

1143 2991 1157 3012 ³
1181 2990 1244 3027 die
1265 2991 1314 3026 18.
1333 2991 1374 3025 in
1393 3001 1438 3025 m.

1143 3038 1155 3060 ⁴
1184 3037 1312 3074 Iocabi
1338 3050 1344 3072 ι
1368 3037 1405 3071 Ρ.
