2066 3392
240 202 320 243 124

238 300 310 328 ma
318 286 555 327 studiorum
566 286 737 327 suorum
747 292 1038 327 monumenta

237 358 316 399 pro
369 344 457 385 fide
512 345 742 386 christiana
793 344 1035 398 posteritati

235 403 421 456 reliquit.
476 403 537 444 Et
559 403 601 443 in
624 402 691 443 his
709 402 1036 456 apologeticum

236 461 395 503 librum
428 475 507 514 pro
539 459 781 501 christianis
808 461 862 501 ad
890 460 1037 500 Anto-

236 520 390 560 ninum
401 519 590 569 Pium‚et
605 518 791 559 alterum
806 518 861 558 ad
878 517 1038 558 succes-

235 577 373 618 sorem
402 577 531 617 huius
554 576 834 616 Antoninum
858 575 1035 617 Verum.

238 636 352 676 Item
370 635 481 676 duos
499 634 631 675 libros
653 640 806 674 contra
828 647 1037 687 paganos.

240 694 327 735 Hic
349 706 448 733 cum
474 693 516 732 in
538 692 643 732 vrbe
668 692 814 732 Roma
836 691 1037 744 frequen-

237 758 304 793 ter
324 765 404 805 pro
427 750 513 790 fide
536 749 692 792 Christi
710 749 974 803 disputasset,
994 755 1038 790 et

236 809 514 851 Crescentem
556 805 799 861 quendam¹
832 807 1037 860 cynicum

237 867 450 922 (moribus
516 872 560 907 et
620 865 877 919 professione
937 878 1038 905 vere

234 923 410 978 canem)
478 923 617 965 multa
679 924 721 964 in
783 922 1038 964 christianos

235 983 434 1024 conuicia
465 980 705 1023 iacfftantem
741 981 853 1035 saepe
895 981 1040 1022 redar—

235 1041 401 1096 guisset,
459 1041 515 1081 ab
581 1040 738 1080 eodem
802 1039 1038 1088 accusatus,

236 1100 355 1153 quod
388 1098 644 1139 christianus
670 1097 785 1147 esset,
806 1098 1040 1150 capiteque

236 1159 474 1198 damnatus
531 1156 743 1209 martyrio
794 1161 1036 1196 coronatur.

236 1215 369 1269 Quod
412 1216 474 1255 ita
506 1214 703 1255 futurum
742 1219 908 1266 martyr
950 1212 1039 1266 ipse

235 1274 491 1327 predixerat
513 1273 555 1312 in
574 1270 822 1313 defensione
840 1271 1039 1320 secunda,

235 1344 369 1385 quam
412 1344 491 1384 pro
532 1329 773 1370 christianis
825 1329 1037 1370 ediderat.

237 1389 385 1430 Passus
426 1388 487 1429 est
528 1394 676 1428 autem
719 1387 1038 1441 imperantibus

237 1448 391 1488 Marco
408 1446 591 1487 Aurelio
607 1445 726 1486 Vero
743 1452 787 1486 et
804 1445 1038 1486 Antonino

236 1505 329 1546 eius
351 1504 442 1545 filio
465 1504 609 1545 idibus
631 1502 811 1556 Aprilis.

278 1622 322 1667 (1
368 1617 637 1667 Valerianus,
681 1616 925 1669 Tyburtius,
956 1622 997 1657 et

283 1677 424 1718 coeterz'
443 1681 663 1729 martyres.
725 1674 870 1715 Lectio
892 1674 985 1728 ‚z'g’j‘ffi

239 1751 564 1835 VAlerianus
586 1764 745 1804 genere
763 1764 981 1800 romanus,
995 1756 1039 1791 et

356 1810 474 1851 idem
513 1809 798 1849 nobilissimus
839 1813 1039 1862 tempore

239 1869 377 1909 Marci
407 1866 576 1920 Aurelij
602 1866 820 1907 Antonini
853 1867 1039 1919 impera-

238 1927 345 1968 toris
380 1924 591 1967 caeciliam
634 1924 708 1965 fibi
750 1937 875 1977 aeque
916 1924 1041 1964 nobi—

239 1985 438 2026 liffimam
480 1983 650 2036 accepit
683 1995 882 2031 onrem,
918 1982 1040 2022 cuius

241 2041 426 2096 impulsu
478 2047 613 2094 atque
666 2039 868 2094 precibus
930 2038 1041 2092 (erat

241 2102 357 2142 enim
409 2099 465 2140 ab
511 2099 691 2139 ineunte
732 2103 865 2139 aetate
907 2096 1041 2138 fidem

241 2156 415 2211 edoc‘ta)
426 2158 480 2198 ad
492 2155 769 2197 christianam
786 2155 1042 2209 religionem

243 2214 414 2257 reiectis
437 2214 565 2256 idolis
595 2213 828 2255 conuersus
855 2213 926 2262 est,
948 2220 993 2255 et
1019 2212 1045 2254 a

243 2272 393 2316 sancto
419 2273 602 2314 Vrbano
633 2286 750 2326 papa
782 2271 1045 2325 baptizatus.

244 2331 389 2386 Quem
412 2330 656 2385 Tyburtius
687 2330 780 2370 eius
809 2342 1045 2383 germanus

245 2391 453 2438 imitatus,
504 2389 561 2429 ab
617 2387 775 2429 eodem
836 2386 1046 2441 pontifice

243 2448 505 2502 baptizatur.
585 2445 849 2486 Almachius
915 2445 1046 2499 igitur

245 2504 477 2560 prefecS‘ms,
513 2510 556 2545 et
597 2503 929 2544 christianorum
971 2503 1047 2543 sae—

245 2564 436 2604 uissimus
490 2561 634 2610 hostis,
681 2575 781 2602 curn
832 2560 914 2601 hos
964 2561 1048 2602 esse

247 2621 512 2668 christianos,
536 2626 580 2660 et
611 2619 928 2673 patrimonium
960 2619 1047 2659 iam

246 2677 672 2731 omne³pauperibus
688 2676 1050 2730 erogassecogno-

248 2737 383 2786 uisset,
426 2735 600 2776 eosdem
643 2735 699 2775 ad
743 2734 783 2775 se
824 2740 965 2784 vocat,
1006 2740 1050 2775 et

248 2795 404 2835 acriter
426 2794 631 2846 increpat.
686 2792 745 2833 Et
762 2791 856 2846 post
871 2791 1049 2846 longam

247 2853 303 2894 de
326 2851 411 2893 fide
443 2850 614 2899 Christi,
634 2850 777 2903 deque
809 2849 928 2892 cultu
960 2850 1053 2891 ido-

320 2948 331 2970 1
357 2948 516 2993 quedam
541 2959 548 2981 :
571 2948 608 2981 P.

319 2994 333 3016 2
356 2995 414 3030 die
436 3004 486 3037 14.
506 2995 547 3029 in
565 3005 611 3028 m.

319 3042 332 3064 ³
357 3053 468 3077 omne
490 3053 496 3077 :
516 3052 584 3076 om.
606 3041 644 3076 P.

966 208 997 240 A
1002 206 1175 240 PRILIS.

1107 286 1248 327 lorum
1280 285 1622 340 disputationem
1652 287 1765 328 inter
1795 285 1909 341 ipsos

1105 343 1219 385 vltro
1247 345 1444 398 citroque
1475 343 1686 394 habitam,
1708 345 1763 385 ad
1796 345 1907 386 iouis

1106 401 1411 442 simulachrum
1428 402 1602 443 eosdem
1612 403 1770 444 deduci
1786 402 1907 444 iubet

1105 466 1181 500 aut
1197 459 1522 511 sacrificaturos,
1537 466 1613 501 aut
1629 460 1778 514 aliquo
1793 473 1906 501 mor-

1105 517 1160 558 tis
1212 531 1372 570 genere
1422 531 1556 571 quam
1603 518 1907 559 immanisfime

1106 575 1369 616 interituros
1434 575 1503 616 Illi
1531 589 1634 617 vero
1667 576 1710 617 in
1741 575 1905 617 confes-

1106 633 1222 674 fione
1264 633 1420 675 Christi
1462 633 1714 687 perstantes,
1744 639 1789 675 et
1829 647 1906 688 pa-

1108 697 1248 731 ratam
1283 691 1357 732 fibi
1399 697 1443 732 et
1484 691 1686 732 fidelibus
1719 691 1906 746 gloriam

1106 749 1396 803 predicantes,
1450 755 1638 790 mortem
1690 749 1907 804 impietati

1108 807 1406 861 praetulerunt.
1447 807 1604 860 Itaque
1618 807 1906 848 extravrbem

1107 863 1254 906 educti
1270 865 1325 906 ad
1335 871 1541 918 quartum
1558 863 1908 919 lapidem.xviij.⁴

1107 923 1313 964 calendas
1347 922 1454 976 Maij
1485 937 1585 964 cum
1616 923 1784 964 summa
1805 922 1907 964 fidei

1107 981 1351 1023 constantia
1401 980 1685 1022 trucidantur.
1760 979 1907 1034 Quam

1107 1040 1347 1080 demiratus
1382 1038 1610 1079 Maximus
1641 1039 1707 1079 vir
1738 1038 1909 1089 nobilis,

1107 1098 1181 1151 qui
1213 1097 1370 1152 horum
1407 1096 1690 1138 decollationi
1722 1096 1909 1151 praefuit,

1107 1169 1207 1196 cum
1256 1154 1477 1196 nonnullis
1519 1154 1754 1196 satellitum
1805 1168 1908 1196 con-

1109 1213 1255 1254 uersus
1307 1212 1390 1254 est:
1441 1218 1486 1254 et
1530 1219 1711 1266 propter
1751 1211 1907 1254 Christi

1107 1270 1415 1312 confeffionem
1467 1284 1621 1312 omnes
1671 1270 1803 1324 vsque
1852 1271 1908 1312 ad

1108 1342 1261 1370 necem
1313 1328 1555 1382 plumbatis
1608 1328 1714 1378 caefi,
1767 1342 1910 1382 eoque

1109 1386 1303 1441 supplicij
1343 1400 1503 1441 genere
1540 1386 1752 1440 martyrio
1787 1400 1908 1428 coro·

1108 1446 1200 1486 nati
1243 1445 1351 1494 sunt,
1387 1450 1431 1485 et
1472 1445 1528 1485 ad
1571 1444 1802 1485 dominum
1846 1444 1910 1485 in-

1108 1501 1322 1544 ui6tiss1mi
1345 1503 1701 1556 commigrarunt.

1430 1604 1591 1646 Oratio.

1116 1675 1340 1758 PRaesta
1362 1674 1611 1728 quaesumus
1628 1674 1911 1728 omnipotens

1224 1734 1343 1782 deus,
1364 1739 1412 1774 vt
1433 1733 1506 1786 qui
1530 1730 1776 1773 sanctorum
1800 1745 1912 1773 mar-

1109 1798 1255 1845 tyrum
1299 1797 1475 1832 tuorum
1519 1789 1739 1843 Tyburtij,
1778 1789 1909 1830 Vale-

1109 1850 1217 1890 riani
1234 1855 1278 1890 et
1293 1848 1485 1890 Maximi
1501 1847 1694 1889 solennia
1708 1847 1911 1888 colimus:

1108 1921 1260 1949 eorum
1292 1907 1426 1948 etiam
1454 1906 1638 1947 virtutes
1670 1905 1912 1947 imitemur:

1110 1979 1188 2020 per
1209 1965 1451 2006 dominum.

1152 2082 1196 2128 11
1229 2078 1485 2133 Apollonius
1509 2077 1695 2119 Senator
1713 2084 1893 2132 martyr.

1379 2136 1524 2178 Lec‘lio
1546 2133 1640 2190 .z'z'j⁵.

1175 2212 1399 2253 Pollonius
1431 2223 1626 2251 romanae
1654 2210 1772 2252 vrbis
1794 2209 1912 2251 sena·

1224 2276 1294 2311 tor
1335 2283 1422 2310 non
1465 2268 1603 2309 solum
1637 2267 1807 2322 opibus,
1841 2267 1913 2309 sed

1113 2327 1367 2370 liberalibus
1407 2327 1541 2368 etiam
1578 2325 1827 2380 disciplinis,
1863 2338 1914 2366 ac

1113 2400 1286 2428 morum
1344 2384 1598 2438 integritate
1653 2382 1808 2432 clarus
1856 2383 1913 2424 ad

1118 2444 1336 2487 Christum
1368 2441 1601 2484 conuersus
1635 2441 1774 2482 Lucio
1818 2440 1913 2482 Au-

1115 2502 1221 2543 relio
1237 2500 1488 2543 Commodo
1503 2497 1916 2553 imperatore,chris-

1116 2561 1249 2601 tianae
1297 2558 1473 2613 pietatis
1524 2556 1726 2611 egregius
1776 2555 1918 2598 cultor

1117 2618 1210 2667 fuit,
1233 2630 1333 2658 cum
1360 2617 1448 2657 iam
1480 2614 1720 2669 persecutio
1749 2613 1917 2656 sublata

1118 2675 1202 2717 esse
1234 2675 1466 2723 videretur,
1498 2673 1594 2726 lege
1625 2671 1916 2726 promulgata,

1120 2733 1190 2774 Ne
1240 2731 1456 2773 christiani
1508 2736 1807 2784 quaererentur
1860 2730 1916 2771 ad

1119 2803 1312 2845 poenam,
1364 2789 1435 2830 sed
1486 2787 1622 2829 oblati
1679 2788 1917 2829 dumtaxat

1118 2849 1388 2903 punirentur,
1421 2859 1557 2900 poena
1587 2845 1722 2886 etiam
1765 2845 1918 2887 mortis

1194 2944 1207 2966 4
1231 2956 1278 2979 xv
1300 2955 1307 2978 :
1329 2944 1366 2978 P.
1382 2943 1425 2977 A.

1193 2990 1207 3013 ⁵
1232 2990 1293 3027 die
1309 2990 1376 3025 .18.
1396 2990 1437 3024 in
1455 3001 1500 3024 m.
