2066 3392
682 243 939 276 DOMINICA
970 242 1045 275 AD
1075 242 1287 275 LAUDES.
1803 240 1826 282 3

205 319 264 362 Et
296 321 440 362 erexit
472 334 607 362 cornu
641 319 791 362 salutis
822 319 950 361 nobis

146 376 189 418 in
210 378 346 420 domo
366 379 501 420 dauid
523 379 646 433 pueri
669 378 742 421 sui.

204 435 329 478 Sicut
350 436 522 478 locutus
538 436 599 478 est
616 449 694 491 per
708 449 758 477 os
779 434 949 478 sanno-

145 506 242 534 rum
277 495 352 548 qui
387 508 414 537 a
449 494 593 536 seculo
628 494 726 536 sunt
761 494 949 549 prophe-

144 557 289 593 tarum
311 553 416 595 eius.

205 608 405 652 Salutem
438 623 497 652 ex
530 610 718 652 inimicis
751 609 906 651 nostris
940 623 950 651 ε

144 673 189 708 et
210 667 267 709 de
288 681 421 711 manu
443 669 642 711 omnium
663 667 739 723 qui
761 668 951 710 oderunt

144 738 237 767 nos.

202 782 279 824 Ad
320 783 568 826 faciendam
606 784 948 827 misericordiam

144 853 246 883 cum
274 842 474 896 patribus
499 842 653 884 nostris
680 857 691 885 t
715 850 760 886 et
781 856 950 885 memo-

145 899 228 940 rari
249 899 498 942 testamenti
521 900 581 942 sui
604 899 748 943 saneti.

204 956 524 1009 Iusiurandum,
549 960 670 1013 quod
704 959 865 1001 iurauit
890 958 947 1000 ad

145 1014 357 1057 abraham
394 1022 566 1070 patrem
602 1016 796 1059 nostrum
830 1032 839 1059 ε
871 1018 950 1059 da-

145 1079 292 1115 turum
316 1073 356 1115 se
378 1074 514 1116 nobis.

204 1131 270 1173 Vt
301 1131 388 1173 sine
419 1132 578 1174 timore
609 1132 667 1174 de
699 1146 834 1175 manu
868 1133 948 1174 ini-

147 1188 360 1231 micorum
379 1189 621 1232 nostrorum
640 1190 813 1233 liberati
836 1206 845 1232 ε
867 1191 950 1232 ser-

146 1246 320 1288 uiamus
341 1247 414 1289 illi.

207 1305 260 1346 In
283 1303 511 1347 sanCtitate
537 1312 582 1348 et
610 1305 771 1349 iustitia
798 1319 947 1349 coram

147 1362 245 1417 ipso
268 1376 278 1405 ε
300 1363 506 1405 omnibus
526 1364 683 1406 diebus
705 1364 871 1407 nostris.

205 1420 265 1462 Et
296 1427 344 1462 tu
372 1435 482 1476 puer
511 1422 728 1477 propheta
759 1423 948 1465 altiffimi

145 1478 372 1520 vocaberis
418 1494 427 1521 :
470 1481 648 1534 praeibis
688 1482 806 1523 enim
843 1487 949 1523 ante

146 1535 303 1578 faciem
324 1537 493 1579 domini
515 1551 669 1592 parare
689 1539 783 1581 vias
804 1540 908 1581 eius.

203 1594 279 1636 Ad
312 1595 507 1637 dandam
541 1596 765 1639 scientiam
799 1597 948 1639 salutis

146 1651 264 1706 plebi
292 1653 386 1694 eius
417 1668 426 1695 z
457 1655 501 1695 in
529 1655 817 1697 remissionem
846 1669 948 1710 pec-

145 1716 344 1752 catorum
366 1724 530 1754 eorum.

205 1769 287 1810 Per
324 1769 486 1811 viscera
533 1769 838 1813 misericordiae
874 1771 947 1813 dei

146 1825 290 1877 nostri,
334 1827 377 1868 in
424 1828 584 1882 quibus
630 1829 820 1872 vifitauit
866 1842 948 1871 nos

144 1884 289 1926 oriens
309 1898 368 1926 ex
390 1885 494 1928 alto.

206 1942 462 1985 Illuminare
489 1943 558 1985 his
578 1945 653 1999 qui
677 1945 720 1987 in
741 1945 947 1995 tenebris,

146 2004 191 2041 et
212 2001 367 2043 vmbra
389 2002 542 2044 mortis
563 2002 714 2045 sedent
736 2018 745 2045 ε
766 2004 823 2046 ad
845 2005 947 2046 diri-

145 2058 315 2124 gendos
355 2060 492 2114 pedes
536 2060 704 2103 nostros
744 2061 788 2103 in
829 2062 947 2104 viam

147 2129 279 2170 pacis.

167 2209 210 2256 (I
244 2208 327 2250 Ad
340 2209 550 2263 primam.
611 2211 820 2265 Psalmus
850 2245 858 2254 .
865 2221 932 2266 53.

204 2288 375 2341 ;·,‘·¹Eus
421 2295 465 2338 in
512 2297 690 2339 nomine
736 2299 950 2340 tuo...de-

210 2358 223 2372 ‘
310 2352 455 2408 spexit
474 2355 627 2397 oculus
649 2369 784 2398 meus.

413 2428 621 2482 Psalmus
652 2441 685 2472 .1
700 2431 760 2473 18,

159 2492 334 2595 BEtati
392 2496 951 2542 immaculati...sermones

281 2566 371 2596 uos.

244 2611 431 2654 Etribue
460 2612 583 2656 seruo
611 2620 852 2658 tuo...cum
882 2615 948 2658 di·

270 2669 411 2712 latasti
431 2685 508 2713 cor
529 2684 689 2715 meum.

152 2741 401 2795 Symbolum
418 2742 455 2784 A
466 2743 656 2801 thanasij
669 2745 850 2801 ffistopi.
885 2747 953 2789 Et

147 2800 312 2843 dicitur
341 2808 512 2844 tantum
550 2803 595 2844 in
627 2804 856 2847 dominicis
883 2806 951 2848 di-

149 2857 277 2900 ebus:
317 2858 409 2900 Per
450 2860 758 2904 hebdomadam
807 2870 951 2906 autem

137 2914 355 3015 ,Εἱηὲἑιίίεῑ
381 2916 529 2960 diebus
551 2919 643 2961 eius
669 2920 752 2962 loco
778 2921 951 2965 dicitur.

190 2987 233 3015 re
267 2987 305 3016 o.

324 3049 333 3070 ¹
360 3051 550 3098 singularis
574 3055 642 3091 :A.

835 3058 848 3080 ²
873 3063 909 3094 ct
934 3061 1059 3096 :omit.
1083 3063 1120 3097 P.

1114 319 1352 374 Vicunque
1382 319 1478 361 vult
1510 319 1654 361 saluus
1690 320 1775 362 esse
1821 336 1830 362 z

1150 383 1255 418 ante
1302 378 1454 419 omnia
1501 391 1613 432 opus
1661 378 1723 420 est
1775 384 1824 420 vt

1015 439 1167 476 teneat
1188 435 1452 476 catholicam
1475 434 1620 478 fidem.

1076 491 1224 546 Quam
1261 492 1336 534 niss
1372 493 1555 548 quisque
1590 494 1823 548 integram,

1015 549 1365 605 inuiolatamque
1379 551 1614 593 seruauerit
1636 568 1644 594 :
1659 551 1823 607 absque

1015 608 1152 649 dubio
1175 609 1437 650 inaeternum
1460 609 1631 664 peribit.

1076 666 1208 708 Fides
1259 673 1409 709 autem
1458 667 1678 709 catholica
1724 666 1823 710 haec

1017 723 1078 765 est
1109 739 1117 765 :
1149 731 1197 766 vt
1218 739 1354 767 vnum
1383 726 1517 767 deum
1547 726 1590 767 in
1613 726 1825 777 trinitate,

1016 781 1083 823 et²
1109 783 1353 826 trinitatem
1379 784 1423 825 in
1449 784 1619 826 vnitate
1646 798 1826 827 venere-

1017 853 1126 883 mur.
1607 862 1612 869 ·

1076 898 1234 953 Neque
1250 898 1575 942 confundentes
1591 899 1798 955 personas
1815 914 1825 943 ε

1016 969 1161 1011 neque
1182 957 1467 999 substantiam
1490 957 1751 1013 separantes.

1074 1014 1182 1056 Alia
1214 1015 1275 1057 est
1307 1016 1424 1057 enim
1459 1016 1643 1070 persona
1675 1017 1826 1071 patris,

1016 1071 1103 1114 alia
1124 1072 1200 1127 filij
1226 1088 1235 1115 :
1255 1073 1342 1115 alia
1363 1073 1535 1128 spiritus
1558 1072 1703 1116 santffti.

1076 1129 1166 1172 Sed
1198 1132 1348 1185 patris,
1378 1137 1423 1173 et
1456 1131 1547 1186 filij,
1574 1138 1619 1174 et
1652 1132 1826 1187 spiritus

1016 1186 1152 1230 saneti
1169 1202 1256 1230 vna
1276 1189 1338 1231 est
1358 1190 1570 1232 diuinitas
1603 1203 1613 1232 z
1641 1191 1826 1245 aequalis

1016 1246 1181 1300 gloria:
1211 1253 1434 1289 coaeterna
1455 1248 1670 1291 maiestas.

1075 1303 1232 1358 Qualis
1263 1311 1400 1360 pater,
1421 1306 1522 1348 talis
1551 1306 1668 1348 filius
1692 1306 1824 1349 :talis

1016 1361 1190 1416 spiritus
1211 1361 1396 1406 sanetus.

1076 1420 1304 1463 Increatus
1344 1427 1481 1476 pater,
1515 1422 1734 1464 increatus
1775 1421 1824 1464 fi-

1016 1477 1098 1519 lius
1121 1493 1130 1520 z
1151 1479 1370 1521 increatus
1392 1479 1564 1534 spiritus
1586 1479 1773 1523 sanetus.

1075 1536 1322 1579 Immensus
1388 1544 1526 1592 pater,
1586 1538 1824 1580 immensus

1015 1592 1128 1636 filius
1151 1609 1160 1636 :
1182 1595 1420 1637 immensus
1442 1595 1615 1650 spiritus
1637 1594 1822 1640 sanetus.

1074 1652 1268 1694 Eternus
1289 1660 1426 1708 pater,
1449 1660 1642 1697 aeternus
1671 1654 1788 1697 filius
1812 1669 1822 1698 :

1014 1715 1206 1752 aeternus
1228 1711 1401 1765 spiritus
1421 1710 1607 1755 san6tus.

1075 1769 1135 1810 Et
1156 1775 1306 1811 tamen
1330 1783 1418 1811 non
1437 1776 1525 1812 tres
1542 1771 1695 1813 aeterni
1718 1785 1727 1814 :
1749 1770 1820 1814 sed

1014 1840 1126 1868 vnus
1147 1833 1350 1870 aeternus,

1074 1883 1201 1927 Sicut
1239 1898 1328 1927 non
1373 1892 1462 1928 tres
1506 1886 1701 1938 increati,
1741 1900 1822 1929 nec

1015 1947 1104 1984 tres
1130 1943 1340 1994 immenfi,
1362 1943 1434 1985 sed
1456 1958 1569 1987 vnus
1591 1946 1822 1996 increatuS,

1015 2006 1060 2041 et
1081 2013 1192 2042 vnus
1215 2001 1468 2044 immensus.

1075 2057 1289 2101 Similiter
1346 2061 1630 2115 omnipotens
1685 2067 1823 2116 pater,

1015 2116 1299 2171 omnipotens
1339 2117 1458 2159 filius
1496 2131 1506 2161 t
1538 2119 1824 2174 omnipotens

1018 2173 1192 2227 spiritus
1213 2172 1402 2218 sanetus.

1075 2231 1137 2274 Et
1176 2237 1328 2274 tamen
1369 2247 1458 2275 non
1495 2240 1584 2276 tres
1619 2235 1826 2291 omnipo-

1016 2295 1174 2340 tentes,
1195 2289 1266 2332 sed
1288 2304 1400 2333 vnus
1421 2293 1718 2347 omnipotens,

1077 2347 1148 2389 Ita
1187 2348 1298 2390 deus
1338 2355 1475 2403 pater,
1512 2350 1623 2392 deus
1658 2351 1775 2393 filius
1810 2366 1822 2395 τ

1016 2405 1126 2446 deus
1147 2405 1319 2461 spiritus
1341 2405 1527 2451 sanetus.

1076 2463 1137 2505 Et
1171 2469 1322 2506 tamen
1359 2478 1448 2507 non
1485 2472 1573 2508 tres
1605 2466 1666 2522 dij
1704 2480 1714 2510 ε
1751 2466 1823 2511 sed

1015 2534 1128 2563 vnus
1149 2521 1209 2563 est
1231 2522 1351 2564 deus.

1078 2579 1148 2620 Ita
1188 2579 1396 2622 dominus
1437 2588 1573 2636 pater,
1615 2583 1825 2625 dominus

1018 2635 1134 2678 filius
1158 2650 1167 2679 :
1188 2638 1397 2681 dominus
1419 2639 1593 2695 spiritus
1615 2638 1799 2683 sanfms,

1077 2694 1137 2736 Et
1176 2701 1327 2738 tamen
1365 2711 1453 2739 non
1487 2704 1576 2740 tres
1610 2700 1780 2741 domini
1815 2715 1825 2741 ε

1017 2752 1094 2794 sed
1117 2766 1229 2795 vnus
1251 2754 1311 2796 est
1332 2755 1552 2799 dominus.

1077 2809 1195 2865 Quia
1226 2811 1332 2855 ficut
1366 2813 1640 2868 fingillatim⁸
1669 2828 1824 2857 vnam-

1018 2882 1226 2923 quanque
1284 2871 1514 2925 personam
1573 2874 1721 2923 deum,
1771 2886 1823 2915 ac

1017 2927 1250 2969 dominum
1322 2929 1520 2972 confiteri
1591 2930 1824 2973 christiana

1018 2985 1203 3027 veritate
1243 2988 1551 3042 compellimur
1590 3002 1599 3031 :
1635 2989 1697 3030 ita
1735 2995 1823 3031 tres

1321 3061 1335 3082 ⁸
1362 3064 1545 3110 figillatim
1570 3078 1577 3100 ι
1598 3066 1637 3101 P.

1599 3147 1704 3177 1—2
