2066 3392
912 263 1008 290 XXV

185 385 262 422 aut
298 379 530 421 minimum
573 377 633 419 est
675 377 845 419 dierum
887 376 1023 417 totius
1065 374 1168 416 anni
1210 373 1453 416 discrimen.
1489 388 1570 415 nec
1611 375 1729 415 enim

186 446 360 490 interest
388 447 445 489 ad
475 445 798 500 longitudinem
829 445 886 486 de
914 444 1137 486 dominica
1167 443 1237 484 seu
1268 442 1375 484 feria
1404 450 1574 497 agatur,
1595 456 1651 483 an
1673 444 1730 484 de

186 515 305 558 festo.
368 515 421 556 In
462 515 540 556 illo
581 514 735 569 psalmi
777 514 879 555 hinc
921 514 1024 555 inde
1064 526 1165 554 curn
1207 511 1479 560 difficultate,
1515 525 1649 560 mora,
1687 519 1730 552 et

185 583 320 626 taedio
358 583 589 626 voluendis
630 583 794 624 chartis
835 583 1138 636 exquiruntur.
1212 581 1264 621 In
1306 580 1390 622 hoc
1431 594 1510 634 per
1549 580 1644 621 dies
1686 586 1730 620 et

184 652 315 695 horas
342 653 479 695 totius
506 652 802 694 hebdomadae
831 652 1022 706 dispositi
1051 651 1159 692 sunt.
1221 649 1310 704 Qui
1339 649 1483 691 noster
1509 650 1619 690 ordo
1641 663 1730 690 non

184 735 340 776 parum
383 721 488 763 facit
529 722 586 763 ad
629 721 862 776 temporis¹
903 721 1183 771 breuitatem,
1224 726 1268 761 et
1309 719 1473 760 laboris
1514 719 1729 760 leuamen.

185 790 388 832 Adiuuat
419 790 571 832 itidem
604 791 714 831 ordo
746 787 997 838 lthionum,
1029 803 1133 830 nam
1166 790 1308 843 prima
1339 795 1385 830 et
1416 788 1605 829 secunda
1635 787 1731 828 slm-

184 859 287 914 plici
323 866 367 901 et
404 860 669 901 immutabili
705 860 859 901 ordine
895 859 1111 914 dispositae
1149 860 1247 900 sunt
1282 860 1327 900 in
1363 865 1508 900 totum
1550 871 1729 903 annum,

186 929 272 971 fiue
303 929 457 971 festum
490 930 668 979 incidat,
700 929 786 970 siue
817 943 920 970 non.
982 929 1225 970 Diuerfitas
1259 929 1378 970 enim
1414 928 1575 982 officij;
1617 925 1733 968 festi²

185 998 430 1049 dominicae,
468 1004 513 1040 et
549 997 711 1040 ferialis
747 998 834 1039 diei
876 998 1064 1040 consistit
1102 999 1143 1039 in
1187 998 1435 1039 mutatione
1477 995 1730 1049 inuitatorij‚

185 1073 231 1109 et
258 1067 525 1121 hymnorum
554 1069 610 1109 ad
640 1069 923 1118 matutinum,
952 1073 996 1109 et
1024 1067 1262 1121 vesperam,
1286 1073 1330 1108 et
1358 1067 1501 1108 tertiae
1530 1064 1731 1108 lectionis

185 1141 231 1178 et
250 1136 474 1185 orationis,
498 1142 658 1178 caetera
681 1135 778 1178 sunt
801 1136 995 1178 eiusdem
1019 1137 1200 1177 rationis
1221 1136 1464 1189 vtrobique.

271 1207 317 1253 (1
356 1203 404 1247 Si
439 1206 509 1246 cui
546 1212 695 1246 autem
734 1205 999 1246 laboriosum
1043 1206 1085 1246 in
1129 1205 1212 1246 hoc
1254 1205 1473 1247 breuiario
1509 1204 1732 1245 videbitur

186 1273 397 1328 pleraque
424 1275 574 1315 omnia
601 1289 659 1315 ex
690 1275 802 1315 libro
833 1275 932 1328 legi,
954 1288 1054 1316 cum
1086 1274 1226 1316 multa
1255 1275 1298 1315 in
1321 1274 1409 1315 alio
1430 1288 1529 1328 quae
1552 1280 1733 1328 propter

187 1340 457 1397 frequenter³
488 1342 782 1396 repetionem⁴
812 1342 1071 1391 ediscuntur,
1097 1343 1351 1384 memoriter
1381 1343 1731 1397 pronuntientur,

186 1411 439 1466 compenset
467 1426 568 1453 cum
596 1411 682 1453 hoc
709 1411 859 1453 labore
887 1413 1187 1466 cognitionem
1217 1412 1438 1467 scripturae
1467 1412 1609 1462 sacrae,
1630 1426 1730 1466 quae

186 1478 242 1520 sic
277 1479 320 1520 in
355 1479 450 1521 dies
485 1479 690 1534 augescit,
723 1486 767 1521 et
804 1481 1096 1521 intentionem
1133 1481 1281 1530 animi,
1314 1494 1448 1535 quam
1485 1481 1596 1522 deus
1628 1487 1732 1521 ante

187 1548 336 1590 omnia
357 1549 400 1589 in
423 1548 705 1603 precantibus
727 1549 921 1603 requirit,
937 1549 1071 1602 (hanc
1092 1549 1211 1590 enim
1235 1550 1447 1590 maiorem
1471 1549 1731 1604 legentibu3‚

187 1630 321 1672 quam
344 1619 597 1660 memoriter
618 1618 942 1673 proferentibus
963 1618 1107 1660 adesse
1129 1619 1298 1660 necesse
1319 1618 1400 1671 est)
1416 1625 1461 1660 et
1482 1619 1730 1660 huiusmodi

188 1686 384 1729 laborem
408 1701 496 1728 non
519 1687 655 1729 modo
676 1685 957 1737 fructuosum,
980 1687 1051 1729 sed
1079 1689 1214 1729 etiam
1242 1687 1474 1729 salutarem
1504 1688 1729 1730 iudicabit.

191 1755 345 1798 Habes
372 1757 502 1798 Pater
530 1755 804 1799 Sanctiffime
834 1757 1017 1799 instituti
1047 1757 1178 1798 nostri
1216 1757 1446 1807 rationem,
1477 1757 1615 1798 habes
1645 1757 1730 1799 for-

189 1824 355 1867 mulam
386 1825 602 1879 breuiarij.
634 1825 832 1880 superest,
868 1832 916 1867 vt
948 1826 975 1867 s1
1007 1826 1086 1868 tibi
1116 1840 1194 1875 res,
1228 1826 1609 1880 quemadmodum
1639 1826 1731 1881 spe-

188 1893 366 1944 ramus⁶,
385 1909 473 1937 non
496 1896 829 1950 improbabitur,
849 1896 937 1950 ipse
958 1909 1136 1950 quoque
1159 1895 1308 1937 faueas
1331 1897 1538 1950 incoeptis
1560 1896 1727 1947 nostris,

188 1970 233 2006 et
254 1963 391 2006 labori
413 1964 602 2019 publicae
624 1965 957 2007 commoditatis
977 1965 1121 2019 gratia
1145 1964 1350 2019 suscepto.
1412 1965 1535 2007 Vale.

235 2248 251 2319 ἔ
274 2255 483 2304 temporum
507 2263 515 2286 :
535 2252 573 2286 P.
1040 2251 1053 2273 ⁴
1066 2253 1126 2297 fic
1143 2263 1154 2287 :
1173 2252 1434 2298 repetitionem
1457 2253 1496 2287 R.
1517 2253 1555 2287 P.
1569 2253 1613 2287 A.

273 2296 349 2332 sesti
371 2310 379 2333 :
397 2309 467 2333 om.
497 2299 533 2334 P.
1038 2299 1053 2320 ⁶
1078 2299 1318 2345 sperabamus
1342 2312 1349 2334 :
1370 2300 1407 2334 P.

236 2342 251 2365 ⁸
273 2343 503 2390 frequentem
527 2358 534 2381 :
554 2346 597 2381 R.
616 2346 652 2380 P.
668 2346 711 2380 A.
