2066 3392
902 210 1144 245 MARTJUS.

188 291 299 327 trem
328 285 548 327 ascensum
582 287 736 328 Petrus
767 286 989 341 apostolus

188 344 233 385 in
274 344 422 386 medio
473 344 782 398 discipulorum
832 344 989 387 Christi

188 401 360 443 circiter
386 415 498 443 cxx.
527 401 771 451 confistens,
798 402 990 456 Oportet

187 459 370 514 (inquit)
390 460 468 501 viri
491 459 646 502 fratres
668 459 839 514 impleri
862 459 991 514 scrip-

188 523 346 567 turam,
386 531 520 572 quam
566 518 777 572 praedixit
818 518 990 572 spiritus

189 573 363 617 sanans
395 589 472 630 per
502 589 552 617 os
589 575 739 617 Dauid
772 576 829 617 de
864 576 989 624 Iuda,

186 633 261 687 qui
284 632 365 676 suit
385 634 481 675 dux
503 647 666 683 eorum,
689 634 764 687 qui
793 647 990 688 compre-

187 690 434 732 henderunt
462 691 621 733 Iesum:
652 693 726 746 qui
752 705 990 733 connume-

189 755 311 790 ratus
347 756 441 791 erat
477 750 520 791 in
557 749 696 797 nobis,
734 756 778 791 et
815 749 989 791 sortitus

189 806 251 848 est
279 807 436 848 sortem
469 807 690 861 ministerij
725 807 864 849 huius.
927 807 988 848 Et

189 864 260 906 hic
300 865 479 920 quidem
522 865 707 920 possedit
743 879 897 920 agrum
935 866 990 907 de

190 923 392 964 mercede
419 923 672 977 iniquitatis,
696 930 739 964 et
768 923 990 977 suspensus

189 981 359 1035 crepuit
393 982 583 1022 medius:
627 988 671 1023 et
704 981 858 1022 diffusa
896 981 992 1022 sunt

190 1039 339 1080 omnia
375 1039 535 1081 viscera
572 1040 675 1080 eius.
740 1039 799 1080 Et
836 1045 991 1080 notum

191 1093 354 1138 sactum
379 1097 439 1138 est
461 1097 668 1139 omnibus
691 1096 992 1138 habitantibus

193 1154 452 1196 Ierusalem:
512 1156 573 1196 ita
632 1161 680 1196 vt
745 1154 993 1209 appelletur

191 1225 297 1266 ager
322 1212 393 1254 ille
416 1212 566 1267 lingua
590 1226 742 1254 eorum
775 1212 993 1254 Hacelde-

194 1283 278 1320 ma,
288 1270 371 1312 hoc
385 1270 456 1319 est,
473 1284 578 1325 ager
591 1270 821 1325 sanguinis.
847 1269 994 1324 Scrip-

191 1334 286 1370 tum
304 1329 365 1370 est
386 1329 503 1370 enirn
522 1330 565 1369 in
585 1328 696 1370 libro
713 1328 992 1382 psalmorum,

195 1386 293 1428 Fiat
315 1386 607 1428 commoratio
634 1399 785 1428 eorum
812 1385 993 1435 deserta,

190 1451 234 1486 et
275 1458 363 1486 non
406 1444 455 1486 fit
486 1445 560 1498 qui
602 1444 817 1485 inhabitet
857 1444 900 1484 in
933 1457 996 1485 ea.

194 1502 254 1544 Et
304 1502 603 1557 episcopatum
660 1502 752 1543 eius
807 1501 996 1555 accipiat

193 1559 313 1602 alter.
375 1559 566 1614 Oportet
589 1573 694 1614 ergo
716 1573 775 1600 ex
797 1559 864 1600 his
881 1559 995 1610 viris,

193 1619 267 1673 qui
291 1618 517 1659 nobiscum
541 1617 637 1659 sunt
666 1617 923 1671 congregati
950 1617 993 1658 in

193 1677 314 1717 omni
350 1682 562 1730 tempore,
599 1689 688 1730 quo
729 1675 910 1716 intrauit
950 1681 995 1716 et

194 1734 336 1776 exiuit
368 1735 480 1775 inter
512 1747 592 1775 nos
623 1733 830 1775 dominus
865 1732 994 1781 Iesus,

194 1792 408 1846 incipiens
439 1790 465 1833 a
498 1791 764 1846 baptismate
803 1791 995 1840 Ioannis,

194 1849 325 1904 vsque
347 1851 389 1891 in
407 1850 538 1899 diem,
560 1863 648 1903 qua
670 1849 912 1902 assumptus
935 1847 995 1889 est

195 1906 220 1949 a
242 1908 381 1958 nobis,
394 1907 547 1949 testem
567 1904 888 1948 resurreetionis
902 1906 996 1947 eius

195 1965 419 2007 nobiscum
437 1964 528 2006 fieri
550 1978 685 2006 vnum
708 1978 766 2005 ex
789 1963 888 2005 istis.
937 1963 995 2004 Et

195 2022 437 2065 statuerunt
452 2023 574 2072 duos,
593 2021 761 2076 Ioseph,
775 2022 849 2075 qui
867 2035 995 2062 voca-

196 2087 267 2122 tur
308 2080 532 2129 Barsabas,
571 2086 616 2120 et
657 2079 996 2133 cognominatus

196 2138 257 2180 est
279 2137 428 2179 iustus:
468 2143 512 2178 et
551 2137 780 2179 Mathiam.
842 2136 996 2190 Atque

197 2202 373 2237 orantes
394 2196 615 2242 dixerunt,
633 2195 702 2236 Tu
724 2194 904 2235 domine
921 2194 995 2248 qui

196 2251 995 2305 cordanostiomnium,ostendequem

198 2311 380 2366 elegeris
403 2324 461 2352 ex
482 2310 550 2351 his
572 2310 746 2351 duobus
759 2322 909 2358 vnum,
925 2322 996 2350 ac-

197 2370 342 2423 cipere
374 2368 518 2410 locum
542 2366 761 2421 ministerij
792 2366 932 2417 huius,
953 2373 997 2408 et

197 2425 477 2481 apostolatus,
500 2425 556 2467 de
577 2438 666 2480 quo
687 2425 999 2479 praeuaricatus

198 2484 469 2533 estludas,vt
486 2483 627 2525 abiret
642 2483 683 2523 in
701 2482 846 2523 locum
863 2481 996 2523 suum.

199 2541 259 2583 Et
279 2542 496 2583 dederunt
518 2540 651 2582 sortes
678 2540 752 2589 eis,
775 2546 819 2581 et
841 2540 1000 2581 cecidit

201 2599 288 2641 sors
311 2599 435 2653 super
457 2598 690 2648 Mathiam,
711 2604 755 2639 et
786 2610 999 2639 annume-

199 2664 319 2699 ratus
345 2656 404 2698 est
427 2669 527 2697 cum
554 2656 756 2697 vndecim
782 2654 999 2710 apostolis.

203 2714 290 2756 Hic
323 2720 471 2755 autem
499 2714 563 2765 (vt
590 2713 771 2767 quidam
800 2713 1001 2766 tradunt)

199 2785 301 2814 cum
352 2772 394 2813 in
456 2771 720 2812 Macedonia
782 2770 1001 2824 primum:

200 2830 361 2872 deinde
386 2829 428 2870 in
458 2828 610 2870 Iudaea
635 2828 816 2870 verbum
843 2828 914 2870 dei
937 2827 997 2869 la-

199 2888 354 2930 tissime
393 2885 711 2936 diss'eminasset,
748 2884 998 2940 multosque

319 3025 331 3048 ¹
356 3025 417 3061 die
436 3034 488 3068 ²7-
508 3025 549 3060 in
566 3036 612 3060 m.

831 3023 846 3047 ²
869 3022 1163 3061 scandalizantur
1185 3036 1192 3061 ε
1214 3024 1251 3060 Ρ.

1779 206 1858 250 117

1057 290 1369 344 predicatione,
1407 297 1451 332 et
1491 289 1859 344 consequentibus

1057 347 1187 401 fignis
1215 348 1271 389 ad
1311 347 1468 389 Christi
1505 347 1639 389 fidem
1676 359 1857 388 conuer-

1058 405 1193 447 tisset:
1226 404 1252 446 a
1283 405 1456 454 Iudaeis,
1485 405 1528 446 id
1559 418 1677 459 aegre
1713 404 1855 445 seren-

1057 463 1186 513 tibus,
1236 463 1586 518 comprehensus,
1638 461 1859 516 lapidibus

1058 534 1172 575 pene
1209 521 1392 563 obrutus
1434 521 1505 571 est,
1548 535 1599 562 ac
1640 518 1859 574 postremo

1058 579 1190 620 securi
1246 579 1466 633 percussus
1519 578 1585 632 .vj.
1637 577 1858 620 calendas.

1058 636 1221 692 Martij.

1057 736 1102 782 (Ι
1141 731 1344 773 Iulianus
1374 738 1416 773 et
1447 731 1608 773 Eunus
1639 736 1860 782 martyres.

1301 790 1444 831 Lefflz'o
1465 789 1594 831 tertia
1603 787 1627 831 ².

1066 866 1290 947 INeunte
1307 866 1603 920 principatum
1623 865 1762 914 Decio
1780 864 1860 904 im-

1140 930 1342 978 peratore
1373 930 1466 965 tam
1499 923 1784 964 vehementer
1815 922 1856 962 in

1058 981 1313 1023 christianos
1339 981 1536 1023 saeuitum
1561 981 1634 1031 est,
1658 987 1705 1022 vt
1734 980 1860 1020 iuxta

1059 1040 1241 1080 verbum
1295 1040 1463 1080 domini
1517 1038 1860 1080 scandalizaren-

1060 1095 1152 1139 tur²
1198 1099 1521 1151 propemodum
1568 1097 1702 1138 etiam
1754 1094 1860 1136 iusti.

1062 1155 1174 1197 Cum
1198 1156 1331 1209 igitur
1351 1155 1642 1197 Alexandriae
1660 1153 1861 1208 supplici-

1061 1226 1187 1254 orum
1225 1214 1502 1255 immanitate
1542 1212 1724 1267 quidam
1765 1224 1862 1265 per-

1061 1271 1199 1312 territi
1232 1270 1362 1312 fidem
1397 1271 1633 1325 negassent,
1664 1269 1862 1324 plerique

1062 1335 1212 1370 tamen
1269 1329 1416 1383 spiritu
1477 1328 1647 1370 domini
1707 1326 1863 1368 confir-

1066 1387 1171 1428 mati
1223 1387 1484 1428 admiranda
1545 1385 1740 1440 martyrij
1802 1384 1863 1425 sui

1064 1442 1310 1498 spectacula
1335 1445 1628 1499 praebuerunt.
1693 1443 1744 1484 In
1778 1442 1863 1497 pri-

1065 1502 1230 1557 misque
1248 1502 1444 1544 Iulianus
1457 1501 1719 1543 venerabilis
1729 1500 1861 1542 senex

1064 1561 1263 1614 podagra
1285 1560 1500 1609 laborans,
1519 1566 1566 1600 vt
1589 1573 1730 1613 neque
1748 1559 1863 1599 ince-

1063 1619 1167 1660 dere
1182 1618 1332 1672 posset,
1355 1631 1498 1672 neque
1521 1617 1642 1667 stare,
1664 1617 1739 1671 qui
1762 1630 1862 1657 cum

1063 1676 1237 1717 duobus
1252 1675 1456 1717 ministris
1472 1675 1714 1717 christianis
1735 1673 1864 1728 aqui-

1063 1734 1145 1775 bus
1172 1733 1273 1775 sella
1302 1734 1562 1788 portabatur
1589 1734 1645 1774 ad
1675 1733 1864 1774 iudicem

1063 1791 1334 1840 constitutus,
1378 1791 1509 1832 nullis
1558 1792 1687 1832 minis
1719 1790 1865 1844 potuit

1065 1863 1144 1890 nec
1177 1849 1265 1903 ipse
1297 1863 1377 1890 nec
1421 1849 1532 1891 alter
1568 1848 1862 1890 ministrorum

1066 1907 1219 1948 Eunus
1245 1907 1423 1948 nomine
1448 1906 1474 1948 a
1498 1921 1601 1948 vera
1626 1907 1793 1960 pietate
1821 1911 1865 1947 et

1066 1965 1221 2007 Christi
1235 1964 1497 2006 confesfione
1514 1964 1732 2006 deterreri.
1765 1964 1866 2004 Per-

1065 2022 1311 2063 seuerantes
1333 2036 1438 2076 ergo
1461 2023 1666 2063 iubentur
1685 2021 1866 2062 camelis

1066 2080 1253 2133 impositi
1271 2094 1348 2133 per
1367 2087 1505 2121 totam
1522 2080 1673 2120 vrbem
1683 2079 1865 2120 circum-

1065 2138 1178 2187 duci,
1200 2145 1243 2179 et
1266 2137 1414 2191 flagris
1439 2137 1540 2178 hinc
1569 2138 1670 2178 inde
1699 2136 1866 2191 populo

1067 2193 1288 2249 spe&ante
1310 2195 1441 2249 vsque
1463 2195 1519 2236 ad
1548 2201 1735 2236 mortem
1758 2194 1865 2235 lani-

1065 2253 1140 2294 ari.
1203 2253 1262 2295 Et
1313 2253 1365 2294 slc
1414 2254 1626 2306 martyrio
1666 2252 1864 2294 coronati

1067 2310 1163 2352 sunt
1185 2310 1254 2364 .iij.
1277 2310 1484 2352 calendas
1509 2310 1673 2364 Martij.

1355 2413 1566 2455 Martius.

1117 2508 1157 2550 A
1154 2508 1315 2564 sterius
1336 2515 1514 2562 martyr.
1578 2507 1721 2550 Lec‘lio
1742 2506 1837 2562 .iij⁸.

1069 2596 1302 2680 ffterius
1325 2596 1468 2650 patria
1492 2595 1723 2636 Romanus
1753 2594 1869 2636 ordi-

1179 2655 1245 2695 nis
1268 2653 1468 2707 senatorij
1504 2652 1675 2694 illustris
1704 2651 1870 2694 familia

1069 2712 1297 2766 gloriaque
1333 2725 1475 2753 rerum
1510 2710 1728 2765 gestarum
1767 2710 1868 2752 suit:

1070 2770 1140 2812 sed
1170 2769 1402 2811 christiana
1431 2769 1596 2823 pietate
1623 2774 1668 2810 et
1697 2768 1869 2823 magnis

1070 2828 1114 2869 in
1138 2828 1299 2870 virtute
1322 2826 1479 2870 Christi
1503 2825 1722 2868 miraculis
1739 2826 1870 2868 editis

1067 2885 1231 2928 clarior.
1294 2883 1495 2940 Quorum
1519 2884 1626 2926 illud
1650 2884 1694 2925 in
1716 2883 1869 2939 primis

1399 3022 1413 3046 ³
1438 3022 1498 3059 die
1516 3032 1558 3069 .3.
1579 3023 1619 3059 in
1637 3035 1684 3061 m.
