2066 3392
268 182 348 223 106

262 275 500 328 vigentem,
541 270 795 314 do&iffimis
840 270 960 313 libris
1002 272 1066 313 in-

264 330 452 374 sectatus
492 330 564 372 est.
631 328 934 384 Quamobrem
975 329 1066 370 Va-

263 390 395 432 lentis
447 395 493 432 et
541 388 701 441 Vrsatij
758 387 1066 428 haereticorum

263 448 512 503 principum
528 446 712 500 impulsu
729 445 785 487 ab
802 445 1067 499 imperatore

264 503 553 555 Constantio²,
591 504 666 558 qui
702 503 892 557 ipsorum
934 503 1066 543 errori

264 564 456 615 fauebat,
487 564 531 603 in
565 562 804 615 Phrygiam
836 560 1066 614 relegatur.

263 623 398 664 Vnde
447 620 598 675 postea
648 619 827 673 publico
884 618 1067 660 Caesaris

263 678 410 721 edffito
443 678 650 720 omnibus
682 677 739 718 ab
772 676 941 717 oriente
977 676 1067 729 epi-

263 738 402 791 scopis
434 738 491 778 de
522 735 624 776 fidei
655 735 839 776 veritate
871 735 915 774 in
948 747 1068 774 com-

263 809 397 837 mune
438 793 708 842 consulturis,
741 792 947 841 euocatis,
980 791 1068 845 ipse

263 867 440 907 quoque
481 852 638 893 ascitus
681 849 940 899 Seleuciam,
979 863 1068 903 quo

264 909 523 952 concilium²
564 909 819 963 cogebatur,
855 908 1068 962 peruenit.

263 970 336 1010 vbi
355 970 446 1010 eius
463 968 730 1022 potisslmum
748 967 920 1014 virtute,
934 971 1069 1019 atque

263 1026 465 1068 doetrina
479 1025 650 1066 haerefis
667 1024 839 1065 arriana
855 1024 1069 1064 damnata

265 1085 335 1126 est.
392 1084 482 1127 Sed
503 1083 637 1137 paulo
660 1082 754 1136 post
776 1081 976 1122 orientali
999 1095 1067 1122 ec-

265 1143 391 1184 clefia
412 1142 719 1183 haereticorum
742 1140 899 1181 scelere
921 1140 1069 1180 denuo

265 1201 534 1255 perturbata,
575 1199 738 1240 eisdem
782 1195 977 1239 Vrsatio³
1024 1203 1069 1238 et

264 1259 458 1301 Valente
475 1256 739 1306 auctoribus,
756 1256 830 1309 qui
849 1256 940 1296 eius
958 1269 1069 1309 prae-

266 1317 396 1358 sentis
417 1314 727 1358 au5’oeritatem
750 1314 859 1355 ferre
882 1327 970 1354 non
991 1327 1069 1367 po-

263 1380 421 1425 terant,
464 1373 490 1415 ὲ,
532 1373 702 1415 Caesare
743 1372 874 1413 iussus
922 1371 983 1412 est
1024 1371 1068 1411 in

263 1433 445 1487 galliam
474 1432 643 1473 reuerti.
707 1430 810 1471 Huc
841 1429 975 1482 igitur
1005 1442 1069 1469 re-

266 1491 411 1532 uersus
434 1490 596 1531 multas
615 1488 807 1530 eiusdem
830 1487 1069 1542 prouinciae

265 1549 466 1590 ciuitates
509 1548 681 1588 arriana
722 1546 841 1600 peste
885 1543 1069 1586 infe5tas

266 1607 444 1660 synodis
495 1605 676 1646 subinde
727 1603 958 1644 celebratis
1011 1603 1067 1643 ad

265 1664 461 1706 veritatis
483 1663 625 1704 lucem
649 1661 837 1702 reduxit.
901 1660 1070 1702 Claruit

266 1724 401 1764 etiam
438 1721 587 1762 multis
618 1719 848 1761 miraculis.
882 1731 1068 1772 quorum

267 1781 374 1821 illud
407 1779 607 1833 inprimis
635 1778 828 1826 refertur,
855 1776 1068 1817 infantem

268 1839 354 1879 sine
376 1837 639 1891 baptismate
657 1841 880 1876 mortuum
899 1834 1000 1875 vitae
1018 1847 1070 1874 ac

268 1897 397 1937 matri
434 1896 491 1936 ab
527 1894 617 1949 ipso
654 1893 775 1934 fuisse
811 1892 1070 1933 restitutum.

269 1954 369 1995 Post
404 1953 526 1995 varia
562 1953 695 2006 igitur
729 1950 971 1992 certamina
1010 1949 1071 1991 ob

267 2012 401 2053 fidem
463 2011 658 2064 suscepta
719 2006 961 2057 sancfftitate,
1018 2021 1070 2048 ac

267 2069 471 2111 dofitrina
507 2068 649 2109 clarus
688 2067 833 2108 idibus
876 2064 1068 2119 Ianuarij

269 2129 475 2182 migrauit
497 2127 553 2168 ad
576 2126 818 2167 dominum.

269 2223 313 2268 ([
330 2219 569 2260 Marcellus
572 2224 696 2317 ptap?
706 2221 886 2293 rizarzfyr.
926 2213 1073 2256 Leclio

611 2290 658 2317 er
679 2289 721 2316 za
745 2307 754 2317 .

278 2356 591 2440 lXJIArcellus
626 2355 770 2410 patria
805 2366 1014 2395 romanus
1048 2351 1075 2393 a

279 2388 302 2443 1
407 2415 665 2458 Constantio
682 2420 726 2454 et
744 2412 921 2454 Galerio
942 2411 1075 2464 Vsque

269 2475 327 2516 ad
370 2474 643 2515 Mazentium
685 2471 808 2525 gessit
843 2468 1075 2523 pontifica-

269 2539 376 2573 tum.
441 2532 587 2572 Huius
609 2530 787 2570 hortatu
811 2526 1001 2569 Priscilla
1029 2532 1074 2568 et

273 2590 442 2631 Lucina
493 2595 706 2629 matronae
755 2599 950 2627 romanae
995 2584 1074 2625 ad-

270 2646 417 2689 ductae
433 2647 540 2694 sunt,
556 2646 693 2686 altera
707 2651 754 2686 vt
768 2642 1073 2684 coemeterium

270 2706 353 2747 suis
390 2704 634 2758 sumptibus
670 2703 740 2744 via
777 2701 929 2743 salaria
970 2713 1073 2741 con-

317 2826 330 2849 1
358 2824 599 2862 Constantino
623 2837 629 2859 :
651 2826 688 2859 P.
705 2825 747 2859 A.

317 2874 331 2896 2
355 2873 545 2908 consilium
568 2884 575 2907 ε
594 2873 637 2906 A.

317 2921 331 2942 3
356 2919 503 2954 Vrsario
525 2931 532 2954 :
555 2920 592 2953 P.

317 2967 331 2989 ⁴
357 2967 417 3002 die
434 2967 500 3001 .16.
521 2967 559 3000 in
580 2978 625 3000 m.

317 3015 330 3037 ὃ
358 3014 522 3049 Luciana
546 3025 552 3048 :
572 3014 615 3047 A.

952 191 1250 226 IANUARIUS.

1136 271 1328 314 strueret.
1361 272 1500 314 altera
1531 277 1580 314 vt
1611 271 1834 314 ecclefiam
1866 271 1937 313 dei

1136 329 1358 372 haeredem
1381 330 1554 372 suorum
1576 330 1793 372 bonorum
1822 329 1938 370 insti-

1134 393 1287 429 tueret.
1347 387 1522 429 Titulos
1562 388 1759 442 quinque
1793 393 1838 429 et
1874 387 1937 428 vi-

1135 446 1247 498 ginti
1270 446 1313 486 in
1335 446 1441 487 vrbe
1472 447 1618 488 Roma
1646 446 1765 487 idem
1793 444 1939 499 dispo-

1135 503 1228 553 suit,
1265 504 1382 558 quafi
1419 504 1609 545 dioceses
1645 504 1702 545 ad
1743 515 1940 544 commo-

1136 562 1323 602 ditatem
1355 562 1573 615 baptismi,
1601 567 1646 603 et
1677 574 1840 610 eorum,
1863 559 1939 614 qui

1136 620 1193 660 ad
1235 618 1369 660 fidem
1419 620 1576 661 Christi
1625 633 1684 660 ex
1730 618 1939 673 gentibus

1136 677 1336 730 quotidie
1371 678 1620 726 veniebant,
1651 683 1695 718 et
1731 676 1789 718 ad
1825 689 1939 717 mar-

1137 740 1286 787 tyrum
1309 735 1561 788 sepulturas.
1615 734 1788 788 Quibus
1810 733 1940 775 rebus

1138 793 1274 834 iratus
1317 793 1567 834 Mazentius
1609 790 1799 833 Lucina⁶
1833 790 1940 832 rele-

1137 856 1254 903 gata,
1276 851 1416 905 ipsum
1442 849 1594 891 minis⁶
1616 849 1840 904 impellere
1867 862 1941 890 co-

1138 915 1280 960 natur,
1298 915 1346 950 vt
1363 908 1403 949 se
1420 908 1681 962 pontificatu
1704 908 1940 955 abdicaret,

1138 972 1272 1020 atque
1301 981 1463 1008 nomen
1496 966 1775 1008 christianum
1803 965 1940 1019 depo-

1139 1031 1271 1066 neret.
1341 1026 1394 1066 In
1435 1038 1523 1078 quo
1565 1038 1666 1065 cum
1708 1023 1749 1064 se
1789 1022 1847 1064 ab
1887 1036 1940 1064 eo

1139 1083 1304 1137 negligi
1326 1083 1708 1131 animaduerteret,
1730 1081 1870 1135 ipsum
1896 1081 1940 1121 in

1138 1142 1307 1183 viuaria
1354 1141 1411 1182 ad
1462 1154 1612 1182 curam
1663 1139 1939 1194 publicarum

1138 1199 1374 1241 bestiarum
1415 1198 1654 1239 damnauit.
1736 1198 1811 1239 Ex
1851 1210 1942 1251 quo

1139 1257 1237 1299 loco
1268 1271 1348 1299 nec
1380 1257 1602 1297 orationes
1633 1253 1736 1305 ille⁷‚
1768 1268 1850 1296 nec
1881 1255 1941 1296 ie-

1138 1315 1257 1356 iunia
1298 1315 1653 1370 praetermittens,
1689 1312 1941 1368 parrochias

1138 1375 1272 1415 etiam
1296 1373 1497 1427 epistolis,
1513 1372 1693 1426 quando
1710 1371 1835 1412 aliter
1852 1384 1940 1412 non

1137 1431 1299 1473 licebat
1321 1431 1486 1472 multos
1507 1444 1646 1471 annos
1667 1426 1941 1483 gubernauit.

1140 1490 1335 1530 Demum
1365 1503 1423 1530 ex
1452 1488 1572 1529 foeda
1599 1487 1685 1538 illa,
1714 1493 1846 1540 atque
1877 1487 1953 1527 in·>

1139 1548 1375 1588 commoda
1397 1546 1684 1594 habitatione,
1705 1546 1869 1598 pedore
1897 1550 1943 1585 et

1139 1606 1218 1646 s1tu
1241 1603 1466 1646 confe5tus
1487 1603 1612 1657 obijt.
1630 1603 1805 1656 eiusque
1822 1602 1944 1643 sanc-

1139 1664 1344 1704 tisfimum
1389 1675 1547 1716 corpus
1595 1662 1638 1702 in
1687 1660 1942 1702 coemeterio

1141 1721 1343 1762 Priscillae
1392 1721 1464 1762 via
1515 1719 1685 1761 Salaria
1737 1717 1944 1772 sepelitur

1139 1779 1257 1832 xvij.
1279 1779 1486 1820 calendas
1512 1775 1752 1830 Februarij.
1814 1775 1942 1818 Sedit

1138 1844 1288 1878 autem
1337 1850 1474 1877 annos
1522 1835 1729 1888 quinque,
1769 1833 1942 1875 menses

1140 1896 1229 1945 sex,
1251 1896 1345 1936 dies
1367 1907 1502 1935 vnum
1525 1900 1570 1935 et
1591 1907 1680 1935 ‚xx.

1461 1985 1625 2028 Oratio.

1226 2064 1366 2104 Reces
1407 2059 1559 2116 populi
1595 2059 1658 2101 tui
1692 2057 1942 2113 quaesumus

1245 2120 1424 2162 domine
1445 2119 1684 2160 clementer
1702 2117 1879 2166 exaudi,
1895 2122 1942 2157 vt

1140 2180 1259 2221 beati
1278 2177 1477 2219 Marcelli
1495 2175 1699 2228 martyris
1716 2175 1792 2225 tui,
1808 2180 1942 2228 atque

1140 2237 1362 2292 pontificis
1379 2234 1544 2276 meritis
1561 2233 1821 2274 adiuuemur
1840 2247 1849 2274 :
1869 2245 1946 2273 cu·

1143 2298 1209 2338 ius
1232 2296 1423 2350 paffione
1445 2293 1648 2334 laetamur
1671 2304 1680 2332 τ
1702 2304 1788 2344 per.

1144 2392 1188 2438 ([
1205 2389 1245 2430 A
1253 2387 1427 2430 ntonz‘us
1438 2386 1478 2426 A
1488 2384 1589 2426 bbas
1603 2383 1757 2436 duplex
1767 2381 1942 2424 nu‘uus⁸.

1409 2443 1555 2486 Lec‘lz'o
1576 2440 1680 2496 ‚z'z'j⁹.

1162 2524 1244 2606 Δεῖ
1250 2521 1398 2564 tonius
1448 2520 1491 2560 in
1540 2518 1756 2571 Aegypto
1806 2514 1943 2556 nobili

1142 2576 1166 2606 Λ
1255 2592 1415 2634 genere
1474 2583 1616 2625 natus,
1667 2572 1943 2617 Constantini

1142 2639 1291 2692 magni
1317 2643 1518 2689 tempore
1546 2647 1646 2675 cum
1675 2633 1843 2673 intrans
1871 2644 1941 2672 ec-

1141 2696 1325 2745 clefiam,
1347 2701 1394 2736 vt
1423 2693 1599 2742 solebat,
1622 2689 1806 2732 audisset
1834 2687 1940 2730 illud

1187 2818 1201 2840 ⁰
1226 2817 1337 2853 nimis
1361 2829 1368 2851 ε
1390 2817 1428 2850 Ρ.

1186 2866 1199 2888 i
1225 2866 1297 2900 illae
1321 2865 1389 2899 :A.

1187 2913 1200 2934 ⁸
1226 2913 1286 2947 die
1303 2920 1370 2953 .17.
1390 2911 1430 2945 in
1450 2921 1495 2944 m.

1187 2960 1201 2982 ⁹
1226 2963 1303 2997 &c-
1327 2970 1333 2993 :
1354 2957 1437 2992 add.
1457 2957 1499 2990 Α.
