2066 3392
212 220 240 261 4
748 218 947 251 DOMINI
947 217 1006 250 CA
1039 218 1112 250 AD
1141 219 1357 252 PRIMAM.

211 300 334 350 deos,
354 305 432 341 aut
458 298 664 340 dominos
693 297 850 347 dicere,
871 296 1024 339 catho-

213 358 299 400 lica
320 358 533 412 religione
554 356 852 410 prohibemur.

274 416 405 458 Pater
440 429 467 457 a
500 414 622 456 nullo
653 413 715 455 est
745 412 910 455 factus:
945 425 1026 453 nec

214 480 399 523 creatus,
422 486 502 514 nec
523 472 711 526 genitus.

274 532 412 573 Filius
448 544 474 572 a
510 536 636 585 patre
673 528 763 571 solo
796 528 856 570 est
893 542 902 570 z
937 541 1025 568 non

215 588 361 632 factus
387 602 396 631 z
418 602 500 631 nec
521 593 708 637 creatus,
729 587 800 628 sed
823 586 1010 639 genitus

275 646 467 702 Spiritus
510 643 683 687 sancius
726 658 752 685 a
797 650 934 699 patre,
981 649 1026 684 et

214 706 307 747 filio
327 721 335 746 z
354 718 442 746 non
457 702 611 753 factus,
628 717 709 744 nec
726 708 899 744 creatus
917 716 926 743 ι
944 714 1024 742 nec

214 763 405 818 genitus,
427 762 498 804 sed
521 761 777 816 procedens.

272 821 402 863 Vnus
447 833 553 873 ergo
603 825 742 873 pater,
793 830 883 858 non
933 821 1024 857 tres

214 885 364 934 patres
388 892 397 920 z
418 891 532 919 vnus
553 876 680 926 filius,
698 889 786 917 non
808 881 897 917 tres
913 873 990 927 filij
1017 889 1025 914 z

215 951 328 979 vnus
371 936 547 990 spiritus
583 933 769 984 sanctus,
807 945 897 974 non
933 938 1023 974 tres

216 996 390 1050 spiritus
412 991 560 1035 sanffi.

276 1054 336 1095 Et
362 1052 404 1093 in
431 1052 516 1092 hac
541 1050 739 1092 trinitate
761 1047 870 1090 nihil
891 1047 1024 1102 prius,

216 1117 293 1157 aut
329 1110 542 1166 posterius
580 1124 589 1150 :
625 1107 733 1149 nihil
767 1107 910 1148 maius
946 1112 1024 1146 aut

217 1170 364 1210 minus
401 1184 409 1210 ε
440 1167 513 1209 sed
555 1172 663 1208 totae
700 1172 789 1207 tres
826 1163 1022 1218 personae

215 1233 447 1269 coaeternae
508 1225 584 1266 fibi
646 1224 745 1265 sunt
805 1229 850 1264 et
910 1235 1024 1263 coae-

216 1284 384 1340 quales.

278 1344 349 1385 Ita
388 1347 437 1384 vt
478 1354 558 1395 per
596 1339 748 1381 omnia
787 1338 893 1380 ficut
935 1337 1024 1379 iam

219 1398 519 1455 supradictum
562 1398 623 1440 est
666 1411 676 1439 :
717 1403 762 1439 et
802 1396 947 1438 vnitas
981 1396 1025 1436 in

217 1459 417 1502 trinitate
452 1474 462 1500 :
494 1463 538 1498 et
574 1457 748 1498 trinitas
779 1455 824 1496 in
855 1454 1026 1496 vnitate

218 1516 472 1560 veneranda
493 1515 556 1557 sit.

277 1575 367 1629 Qui
388 1573 484 1616 vult
508 1585 613 1626 ergo
642 1570 786 1612 saluus
814 1569 898 1612 esse
928 1585 937 1611 ε
965 1568 1027 1610 ita

219 1634 276 1676 de
296 1633 495 1675 trinitate
516 1630 685 1671 sentiat.

279 1691 370 1734 Sed
406 1689 690 1731 necessarium
724 1686 785 1727 est
815 1686 872 1727 ad
901 1690 1027 1726 aeter-

220 1762 325 1790 nam
355 1747 539 1789 salutem
571 1751 647 1788 :vt
677 1743 1027 1785 incarnationem

220 1820 399 1861 quoque
416 1804 586 1847 domini
603 1802 736 1844 nostri
756 1801 851 1843 Iesu
870 1800 1029 1843 Christi

221 1865 408 1907 fideliter
429 1864 592 1905 credat.

281 1922 358 1964 Est
379 1935 484 1975 ergo
502 1920 613 1961 fides
636 1915 754 1959 recta
781 1933 789 1959 :
810 1921 857 1958 vt
879 1916 1030 1957 creda-

223 1995 321 2022 mus
336 1987 380 2022 et
397 1977 687 2021 confiteamur
702 1976 806 2030 quia
823 1974 1030 2015 dominus

223 2039 367 2080 noster
395 2036 515 2079 Iesus
545 2034 740 2078 Christus
771 2033 843 2075 dei
874 2032 989 2073 filius
1022 2045 1031 2073 :

223 2099 345 2145 deus,
367 2101 412 2137 et
433 2095 569 2136 homo
591 2092 662 2134 est.

282 2156 406 2196 Deus
438 2152 499 2194 est
530 2166 589 2192 ex
621 2148 861 2191 substantia
893 2147 1031 2202 patris

223 2219 327 2255 ante
366 2210 508 2253 secula
548 2209 725 2263 genitus
764 2221 774 2249 z
810 2212 856 2248 et
896 2206 1032 2246 homo

225 2271 285 2313 est
308 2285 367 2312 ex
390 2268 629 2310 substantia
646 2265 800 2307 matris
821 2265 865 2305 in
889 2263 1032 2305 seculo

225 2335 509 2428 nalgizsrfee'tus
525 2384 647 2432 deus,
661 2378 881 2436 perfectus
897 2378 1033 2420 homo

225 2459 283 2487 ex
316 2444 465 2485 anima
502 2440 716 2490 rationali,
753 2445 798 2480 et
837 2437 1034 2479 humana

225 2516 356 2545 carne
378 2500 615 2542 subsistens,

286 2559 470 2614 Equalis
501 2556 617 2612 patri
651 2554 889 2596 secundum
922 2552 1033 2593 diui-

227 2619 414 2660 nitatem
446 2632 455 2657 :
480 2616 625 2656 minor
645 2618 771 2668 patre
793 2611 1032 2653 secundum

226 2675 564 2718 humanitatem.

286 2733 373 2787 Qui
406 2732 508 2772 licet
538 2731 647 2771 deus
680 2728 742 2775 fit,
776 2733 821 2768 et
856 2725 992 2767 homo
1024 2739 1033 2767 :

228 2805 316 2832 non
352 2791 442 2832 duo
474 2795 625 2830 tamen
662 2802 671 2827 ε
712 2786 784 2826 sed
825 2798 936 2826 vnus
972 2783 1033 2824 est

229 2848 434 2892 Christus.

286 2907 414 2948 Vnus
446 2909 594 2947 autem
629 2915 716 2942 non
752 2899 1034 2941 conuersione

527 3024 538 3045 ¹
564 3022 678 3057 michi
705 3035 710 3056 :
733 3023 769 3055 P.

1088 297 1334 339 diuinitatis
1373 298 1416 339 in
1454 309 1632 339 carnem
1671 312 1679 339 :
1721 294 1794 337 sed
1831 291 1890 335 as—

1089 355 1339 410 sumptione
1360 355 1653 397 humanitatis
1675 355 1719 395 in
1741 354 1888 395 deum.

1146 413 1275 455 Vnus
1309 414 1491 455 omnino
1524 426 1616 454 non
1644 410 1899 454 eonfufione

1089 470 1339 512 substantiae
1363 483 1373 513 τ
1395 471 1467 513 sed
1490 472 1660 512 vnitate
1686 468 1892 524 personae.

1149 529 1268 570 Nam
1290 529 1396 571 ficut
1421 529 1569 570 anima
1592 525 1829 575 rationalis,
1849 530 1896 567 et

1089 600 1192 627 caro
1213 600 1325 628 vnus
1346 587 1407 628 est
1424 587 1559 627 homo
1581 600 1590 627 z
1613 587 1675 627 ita
1687 586 1797 627 deus
1819 598 1828 625 ε
1850 588 1895 625 et

1090 644 1226 685 homo
1247 659 1358 686 vnus
1380 645 1440 686 est
1465 644 1671 686 Christus.

1149 701 1237 755 Qui
1255 703 1398 756 passus
1416 702 1476 743 est
1494 715 1573 756 pro
1587 701 1723 743 salute
1740 698 1897 748 nostra,

1091 760 1316 802 descendit
1345 761 1401 802 ad
1434 760 1596 801 inferos
1628 774 1637 801 :
1664 758 1794 801 tertia
1823 757 1897 798 die

1092 817 1326 859 resurrexit
1347 832 1374 859 a
1395 818 1591 859 mortuis.

1150 875 1365 917 Ascendit
1397 876 1455 917 ad
1488 874 1620 917 caelos
1650 889 1659 916 ι
1693 873 1812 915 sedet
1839 871 1897 913 ad

1092 933 1325 975 dexteram
1352 934 1423 975 dei
1453 933 1590 987 patris
1618 932 1898 985 omnipoten-

1093 992 1150 1032 tis
1184 1006 1192 1032 :
1227 991 1331 1032 inde
1366 998 1576 1032 venturus
1608 990 1669 1031 est
1705 989 1899 1030 iudicare

1092 1049 1230 1098 viuos‚
1251 1055 1296 1091 et
1318 1055 1528 1090 mortuos.

1151 1106 1229 1148 Ad
1276 1108 1401 1148 cuius
1446 1107 1693 1148 aduentum
1743 1117 1900 1145 omnes

1094 1164 1298 1206 homines
1339 1164 1558 1218 resurgere
1593 1163 1760 1205 habent
1797 1175 1898 1204 cum

1094 1223 1351 1277 corporibus
1373 1223 1456 1264 suis
1483 1236 1491 1263 :
1513 1228 1557 1264 et
1574 1221 1784 1263 reddituri
1803 1219 1901 1262 sunt

1093 1281 1150 1322 de
1171 1279 1299 1322 sactis
1321 1280 1509 1335 proprijs
1531 1281 1760 1321 rationem.

1154 1340 1214 1380 Et
1239 1339 1315 1393 qui
1345 1339 1463 1380 bona
1491 1344 1687 1392 egerunt,
1707 1337 1834 1378 ibunt
1855 1335 1900 1376 in

1093 1397 1231 1438 vitam
1257 1404 1469 1438 aeternam
1506 1410 1515 1438 z
1546 1396 1622 1450 qui
1650 1408 1754 1437 vero
1783 1393 1900 1435 mala

1093 1455 1137 1495 in
1161 1456 1307 1508 ignem
1331 1461 1557 1496 aeternum.

1156 1513 1269 1554 Haec
1291 1512 1352 1554 est
1375 1512 1485 1553 fides
1511 1510 1742 1560 catholica,
1762 1522 1898 1564 quam

1095 1570 1171 1612 nisi
1200 1570 1382 1624 quisque
1411 1569 1610 1619 fideliter,
1631 1569 1902 1622 firmiterque

1095 1628 1352 1670 crediderit:
1367 1627 1509 1670 saluus
1524 1627 1607 1669 esse
1621 1640 1710 1668 non
1725 1627 1901 1682 poterit.

1174 1760 1219 1806 ΙΙ
1251 1756 1335 1798 Ad
1360 1757 1545 1799 tertiam.
1606 1756 1823 1810 Psalmus.

1113 1878 1124 1894 ι
1147 1855 1212 1904 έζζὲζ
1233 1860 1374 1914 Egem
1393 1874 1509 1914 pone
1524 1859 1651 1901 mihi²
1723 1859 1767 1901 in
1786 1859 1901 1901 iusti-

1148 1914 1167 1930 ⁴'
1259 1919 1540 1960 ficationibus
1560 1918 1660 1959 tuis.

1217 2005 1357 2046 Emor
1425 2003 1516 2046 esto
1579 2004 1700 2046 verbi
1761 2003 1825 2045 tui

1230 2062 1559 2104 iustificationes
1574 2067 1675 2104 tuas
1691 2062 1803 2104 doce
1819 2075 1903 2103 me.

1182 2154 1415 2197 Onitatem
1462 2153 1598 2196 fecisti
1638 2166 1740 2195 cum
1780 2153 1904 2195 seruo

1210 2219 1398 2255 tuo...vt
1420 2226 1510 2254 non
1532 2211 1791 2254 confundar.

1178 2341 1223 2387 (I
1255 2337 1339 2379 Ad
1367 2337 1557 2380 Sextum.
1616 2336 1833 2390 Psalmns.

1153 2449 1175 2493 ,⁴
1194 2437 1213 2457 '³
1238 2441 1382 2483 Efecit
1405 2443 1447 2483 in
1466 2441 1653 2482 salutare
1668 2447 1795 2482 tuum
1812 2439 1904 2481 ani-

1120 2508 1128 2520 ’
1194 2520 1212 2532 2·
1265 2513 1339 2541 ma
1379 2499 1680 2541 mea...latum
1721 2499 1905 2540 manda-

1100 2561 1195 2597 tum
1217 2563 1344 2599 tuum
1366 2558 1508 2599 nimis.
1867 2579 1871 2582 ·

1195 2641 1403 2683 Vomodo
1433 2641 1571 2683 dilexi
1605 2640 1749 2695 legem
1780 2645 1903 2682 tuam

1123 2759 1131 2766 ι
1223 2701 1666 2754 domine...propter
1723 2698 1906 2740 retribu-

1099 2764 1281 2801 tionem.

1107 2838 1328 2921 INiquos
1377 2835 1482 2876 odio
1527 2834 1903 2876 habui...omnem

1193 2893 1332 2936 viam²
1353 2895 1550 2948 iniquam
1572 2893 1676 2934 odio
1697 2892 1842 2935 habui.

1294 3014 1307 3036 2
1334 3014 1449 3049 vitam
1472 3027 1479 3049 :
1502 3014 1549 3048 R.
1569 3014 1611 3047 A.
