2066 3392
245 195 322 226 122

537 281 751 335 Hymnus.

298 353 443 408 Quem
467 362 582 398 terra
589 356 610 399 ¹.

508 442 655 484 Lectio
678 443 773 499 ‚z'z‘j².

296 513 448 555 Missus
470 516 530 558 est
552 518 745 572 angelus.

308 583 350 623 V
346 590 364 624 t
410 584 495 626 lzoec
541 588 688 629 omnia
734 589 949 632 habentur
994 592 1039 632 in

236 640 366 694 officio
401 643 583 696 eiusdem
621 646 812 700 virginis
830 655 915 701 pro
936 649 1038 702 sab-

237 698 349 739 batis
368 701 603 754 affignat0¹.

280 797 323 842 ΙΙ
357 794 545 848 Priscus,
568 797 627 838 M
627 799 783 850 alchas,
806 807 846 842 et
865 802 993 843 Alex-

292 853 430 894 ander
448 862 668 908 martyres.
717 857 862 899 Lemo
883 859 976 914 ,iz-'fl

243 928 329 1008 IN
383 928 581 971 Caesarea
641 932 746 973 vrbe
810 934 1035 976 Palestinae

315 1000 414 1027 cum
458 988 501 1028 in
534 988 759 1031 Valeriani
802 992 1034 1045 persecuti-

231 1044 401 1093 onibus,
424 1046 564 1086 multa
596 1045 622 1087 a
648 1049 797 1089 multis
824 1052 1034 1104 martyria

231 1102 603 1153 consummentur,
625 1111 712 1146 tres
735 1107 1032 1150 adolescentes

232 1159 409 1209 Priscus,
447 1161 662 1211 Malchus,
694 1171 738 1205 et
770 1164 1034 1208 Alexander

230 1217 527 1260 suburbanum
556 1221 750 1274 agellum
784 1222 1033 1266 inhabitan-

229 1281 307 1325 tes,
336 1276 489 1318 diuino
521 1277 623 1319 fidei
656 1280 802 1322 calore
834 1281 1031 1333 succensi,

229 1341 460 1387 coeperunt
492 1335 698 1390 segnitiae,
732 1345 866 1393 atque
908 1341 1030 1394 igna-

227 1392 312 1432 uiae
363 1392 403 1433 se
455 1393 569 1447 ipsos
627 1396 832 1447 incusare,
895 1398 1028 1452 Quod

227 1463 328 1490 cum
371 1451 567 1492 coelestes
605 1453 648 1493 in
681 1454 786 1495 vrbe
828 1457 1025 1511 martyrij

227 1521 401 1548 coronae
441 1518 801 1563 proponerentur,
836 1513 911 1566 ipsi
953 1515 1029 1556 de—

227 1565 336 1606 sides
369 1572 413 1607 et
453 1567 626 1621 inglorij
662 1569 905 1622 residerent,
947 1586 1027 1614 nec

225 1637 409 1677 regnum
432 1625 645 1667 coelorum
668 1635 885 1681 raperent,
906 1631 1025 1683 quod

224 1682 314 1722 vim
357 1682 542 1724 testante
584 1684 755 1726 Christo
790 1693 1025 1740 pateretur.

228 1739 314 1780 His
350 1740 484 1793 igitur
516 1747 559 1782 et
596 1742 758 1784 talibus
792 1744 1025 1799 colloquijs

224 1797 339 1838 inter
370 1797 410 1838 se
442 1798 637 1850 hortati⁴,
666 1801 817 1843 vrbem
853 1809 1024 1856 petunt,

226 1862 270 1896 et
307 1856 497 1897 iudicem
530 1858 826 1901 truculentum
859 1862 1024 1902 adeun-

226 1919 310 1954 tes:
351 1927 427 1955 cur
464 1920 639 1956 tantum
682 1918 725 1957 in
769 1917 1023 1972 sanguinem

222 1971 395 2024 piorum
484 1973 722 2023 desaeuiret‚
812 1977 1021 2019 incusant.

222 2028 395 2082 Quibus
446 2030 518 2071 ille
570 2032 717 2081 iratus,
758 2033 904 2088 bestijs
946 2049 1022 2077 eos

221 2089 432 2128 continuo
463 2089 576 2130 tradi
604 2090 734 2132 iubet.
798 2092 866 2133 Ea
887 2107 1022 2147 poena

218 2145 377 2199 dignos
413 2146 498 2187 esse
534 2148 825 2201 proclamans,
862 2152 1021 2204 quibus

220 2202 329 2244 non⁵
349 2204 542 2258 placeret
569 2206 742 2259 piorum
765 2207 1019 2262 sanguinem

219 2261 396 2303 effundi.
471 2263 530 2303 Et
581 2263 635 2304 fic
687 2264 818 2306 alacri
870 2268 1020 2308 animo

219 2321 430 2373 martyrio
477 2320 574 2363 sunt
615 2324 813 2365 coronati
856 2339 903 2366 .V.
948 2339 1018 2367 ca-

219 2377 373 2419 lendas
394 2377 574 2432 Aprilis.

529 2493 709 2547 Aprilis.

255 2582 300 2628 {1
332 2577 524 2632 Istdorus
543 2580 753 2633 episcopus
772 2582 980 2635 confefflr.

483 2637 628 2679 Laelio
648 2637 743 2692 ‚iz‘j⁶.

223 2711 452 2792 ISidorus
493 2713 673 2778 natione
708 2713 916 2780 hispanus
953 2730 1012 2757 ex

296 2783 412 2810 noua
455 2769 734 2824 Carthagine,
777 2785 846 2813 cui
888 2780 1015 2827 pater

282 2887 295 2909 1
321 2892 366 2922 vt
366 2887 492 2934 supra
510 2902 524 2924 .·
541 2889 624 2925 add.
644 2891 689 2925 A.

281 2933 294 2955 2
319 2935 380 2970 die
396 2943 463 2980 .25.
482 2936 524 2970 in
541 2948 587 2971 m.

280 2981 295 3003 3
319 2981 380 3017 die
399 2983 452 3017 28.
471 2983 512 3017 in
531 2995 577 3017 m.

278 3027 292 3050 ⁴
316 3029 455 3063 hortari
479 3041 486 3064 :
507 3030 545 3065 P.
560 3030 605 3066 A.

978 211 1010 243 A
1014 211 1181 244 PRILIS
1181 235 1188 243 .
1219 245 1222 248 .

1111 287 1240 341 ipsius
1275 289 1551 333 Seuirianus⁷
1581 293 1914 347 dominabatur,

1111 343 1137 385 a
1181 344 1339 388 san6³tis
1375 349 1477 390 viris
1522 350 1730 393 Leandro
1772 353 1912 394 archi-

1111 403 1316 458 episcopo
1338 405 1576 460 hispalensi,
1599 415 1642 450 et
1676 410 1712 450 F
1715 410 1912 464 ulgentio

1110 461 1314 516 episcopo
1345 463 1577 518 astigitano
1600 467 1804 510 fratribus
1827 468 1911 511 suis

1110 517 1256 560 san&e
1273 526 1317 561 et
1335 520 1574 564 liberaliter
1590 525 1632 566 in
1652 525 1793 567 studio
1814 526 1911 568 lite-

1109 589 1253 618 rarum
1277 579 1490 621 educatus
1515 581 1587 632 est,
1609 589 1653 624 et
1683 583 1908 637 ingentem

1107 632 1355 677 do&rinam
1397 637 1543 689 latine,
1584 653 1739 693 graece,
1775 648 1910 696 atque

1105 691 1308 734 hebraice
1349 708 1449 736 cum
1502 711 1666 751 magna
1717 700 1909 742 nominis

1106 749 1306 792 claritate
1343 753 1609 797 consecutus.
1674 756 1761 798 Hic
1802 758 1908 799 ado-

1105 807 1269 850 lescens
1297 810 1442 852 adhuc
1470 812 1664 854 haeresim
1687 815 1907 858 arrianam

1103 878 1203 918 quae
1235 874 1415 920 gentem
1446 869 1715 913 Gotthorum
1749 873 1907 927 Hispa-

1104 924 1189 964 niae
1218 924 1417 967 latissime
1450 928 1756 972 dominantem
1783 933 1905 985 peni-

1102 986 1173 1022 tus
1212 983 1300 1024 iam
1335 985 1505 1038 pridem
1547 987 1777 1038 inuaserat,
1811 995 1904 1031 tam

1102 1039 1352 1082 constanter
1401 1042 1548 1096 palam
1591 1046 1816 1099 arguebat,
1858 1054 1905 1089 vt

1102 1110 1240 1151 prope
1269 1099 1399 1141 fuerit
1430 1107 1477 1142 vt
1508 1102 1565 1143 ab
1595 1102 1799 1146 Arrianis
1830 1119 1904 1146 ne-

1101 1155 1283 1197 caretur'.
1346 1157 1435 1200 Sed
1482 1159 1701 1202 cohibitus
1742 1161 1768 1203 a
1819 1163 1903 1204 Le-

1101 1214 1240 1254 andro
1269 1214 1384 1256 hunc
1410 1216 1485 1258 sibi
1509 1217 1789 1261 successorem
1811 1220 1903 1262 fore

1100 1272 1401 1326 praesagiente,
1419 1281 1462 1315 et
1482 1282 1530 1316 vt
1552 1275 1592 1317 se
1614 1278 1902 1320 commodiori

1100 1331 1289 1383 tempori
1347 1332 1583 1375 reseruaret
1633 1336 1902 1388 admonitus,

1098 1386 1452 1441 indignationem
1475 1394 1750 1446 temperauit.
1815 1395 1903 1449 Igi-,

1097 1450 1170 1485 tur
1192 1445 1397 1488 Leandro
1418 1449 1510 1490 vita
1532 1449 1695 1500 fund‘to,
1714 1451 1902 1494 Isidorus

1098 1515 1262 1556 magno
1291 1505 1404 1558 regis
1437 1513 1481 1547 et
1511 1508 1663 1561 populi
1695 1509 1899 1552 con-sensu

1097 1561 1139 1601 in
1162 1562 1406 1615 Hispalensi
1427 1564 1801 1621 archiepiscopatu
1817 1567 1900 1609 suf·

1096 1617 1249 1660 ficitur.
1286 1620 1433 1674 Quam
1449 1620 1711 1665 eleffionem
1724 1623 1898 1667 sanctus

1097 1675 1332 1730 Gregorius
1365 1693 1481 1733 papa
1514 1681 1803 1732 confirmauit,
1838 1684 1898 1724 ei-

1094 1747 1180 1787 que
1202 1735 1385 1788 pallium
1408 1737 1520 1779 misit
1546 1739 1589 1779 in
1622 1739 1895 1794 Hispaniam.

1095 1791 1198 1833 Fuit
1229 1800 1378 1835 autem
1408 1794 1558 1837 Isidori
1589 1802 1715 1838 tanta
1737 1796 1896 1840 doetri-

1093 1862 1162 1890 nae
1193 1864 1245 1891 ac
1275 1850 1517 1894 samStitatis
1549 1855 1712 1908 opinio,
1742 1862 1790 1897 vt
1821 1870 1894 1898 co-

1093 1904 1192 1948 aeto
1206 1908 1412 1951 concili0⁸
1427 1912 1634 1964 generali,
1642 1913 1756 1954 vltro
1764 1914 1893 1956 fuerit

1091 1963 1117 2006 a
1138 1966 1347 2019 pontifice
1374 1969 1574 2010 maximo
1602 1977 1797 2021 vocatus,
1819 1973 1893 2014 vbi

1093 2024 1251 2065 mirum
1275 2025 1346 2074 est,
1369 2034 1586 2079 quantum
1615 2030 1824 2082 ponderis
1849 2036 1894 2072 et

1091 2079 1365 2124 auctoritatis
1401 2084 1603 2127 habuerit
1637 2087 1680 2127 in
1717 2087 1894 2142 singulis

1091 2139 1220 2180 rebus
1243 2140 1392 2182 Isidori
1417 2142 1631 2185 sententia
1647 2146 1765 2198 apud
1783 2160 1892 2200 pon-

1089 2197 1265 2248 tificem‚
1297 2205 1342 2240 et
1382 2214 1536 2242 omnes
1577 2202 1794 2255 praelatos.
1827 2218 1892 2246 re—

1089 2255 1235 2296 uersus
1296 2263 1444 2298 autem
1507 2259 1550 2300 in
1615 2260 1889 2314 Hispaniam,

1088 2326 1188 2354 cum
1221 2313 1341 2355 suam
1371 2322 1558 2358 mortem
1586 2324 1630 2359 et
1662 2318 1888 2373 Hispaniae

1086 2370 1375 2414 vastationem
1407 2372 1434 2414 a
1469 2374 1681 2417 saracenis
1713 2377 1888 2430 publice

1087 2430 1369 2482 praedixisset,
1435 2432 1642 2486 migrauit
1705 2447 1730 2475 e
1797 2436 1890 2477 vita

1086 2487 1226 2540 pridie
1243 2501 1383 2529 nonas
1399 2489 1582 2543 Aprilis,
1596 2504 1714 2532 anno
1731 2491 1887 2534 Christi

1086 2545 1179 2585 nati
1228 2546 1425 2600 .dc.xxij.
1478 2547 1755 2603 sepultusque
1805 2550 1887 2592 suit

1087 2602 1269 2656 Hispali.
1321 2604 1453 2646 Vnde
1474 2605 1623 2659 postea
1644 2607 1885 2650 translatus

1082 2659 1143 2701 est
1176 2661 1220 2701 in
1251 2662 1403 2703 vrbem
1441 2663 1686 2717 Legionem
1719 2664 1747 2706 a
1781 2665 1884 2707 Fer-

1082 2719 1231 2759 nando
1252 2733 1354 2773 rege
1377 2719 1611 2774 legionensi
1634 2723 1707 2776 qui
1726 2723 1810 2765 hoc
1826 2724 1883 2765 ab

1083 2775 1228 2817 Eneto
1250 2776 1452 2819 saraceno
1477 2778 1649 2833 Hispali
1670 2787 1883 2835 regnante

1152 2894 1166 2917 ⁵
1190 2896 1292 2932 enim
1314 2908 1321 2932 :
1340 2898 1385 2933 A.

1151 2941 1165 2964 θ
1190 2943 1251 2979 die
1267 2953 1300 2987 4.
1319 2946 1361 2979 in
1379 2957 1426 2980 m.

1152 2989 1166 3012 ⁷
1193 2990 1417 3027 Seuerianus
1439 3003 1446 3027 :
1467 2991 1509 3027 R.
1527 2993 1565 3028 P.
1579 2994 1623 3028 A.

1148 3035 1162 3059 ⁸
1186 3037 1335 3074 consilio
1357 3050 1364 3074 :
1387 3040 1425 3074 P.
