2066 3392
245 190 325 244 164

374 254 377 259 ·
414 288 459 334 {1
489 284 702 328 Hilarion
730 286 870 329 abbas.

472 388 618 430 Lemo
652 388 780 431 tertia
788 387 811 430 ¹.

344 480 529 521 Ylarion
563 480 702 521 abbas
739 481 783 521 in
817 481 914 522 vico
955 481 1043 522 Ta-

374 538 510 580 batha
532 552 670 592 prope
701 538 869 580 Gazam
901 538 1042 579 Pales-

237 595 344 636 tinae
365 597 518 637 vrbem
541 603 674 645 ortus,
697 610 755 636 ex
785 597 1040 649 parentibus

236 654 477 707 gentilibus
492 653 765 695 Christianus
780 653 869 707 ipse
883 660 929 695 vt
947 654 1041 696 rosa

238 712 294 752 de
316 712 449 765 spinis
476 712 674 753 effloruit.
737 711 825 764 Qui
857 711 1040 753 alexan-

237 770 380 810 driam
406 770 564 818 missus,
588 775 722 823 atque
743 770 865 810 breui
894 783 1039 822 gram-

237 827 446 868 maticam
477 826 673 876 edo&us‚
695 833 739 868 et
769 827 1038 869 Christianus

236 883 429 935 effe&us,
473 885 698 926 ecclefiam
747 886 909 927 asfidue
957 886 1038 927 fre-

235 944 492 996 quentabat.
555 942 657 996 Quo
697 948 898 997 tempore
938 958 1038 985 cum

233 1001 422 1054 Antonij
455 1015 619 1042 nomen
649 1001 753 1042 esset
786 1015 864 1055 per
895 1007 1039 1043 totam

233 1059 500 1112 Aegyptum
569 1058 915 1108 celeberrimum,
975 1061 1038 1101 vi-

182 1141 188 1147 .
234 1117 391 1158 dendi²
426 1131 526 1158 eum
564 1117 706 1158 studio
743 1118 941 1159 incensus
981 1118 1037 1159 ad

233 1188 430 1215 eremum
453 1175 693 1217 contendit.
757 1175 818 1216 Et
839 1190 939 1217 cum
963 1175 1038 1217 illo

232 1233 407 1274 duobus
437 1233 655 1274 menfibus
680 1233 885 1284 versatus,
909 1234 1037 1288 ipsius

232 1291 336 1331 vitae
358 1291 588 1341 rationem,
602 1290 680 1333 ad³
697 1305 870 1332 morum
892 1293 1036 1345 graui-

231 1354 372 1390 tatem
431 1349 668 1403 diligenter
717 1349 1035 1403 consyderauit.

234 1406 535 1461 Reuersusque
571 1408 628 1448 ad
666 1407 854 1462 patriam
888 1414 1034 1450 totum

231 1465 548 1518 patrimonium
571 1465 646 1506 fibi
669 1480 695 1506 a
716 1464 936 1507 desun&is
958 1480 1033 1520 pa-

232 1523 430 1564 rentibus
448 1521 647 1564 relietum
666 1524 932 1577 pauperibus
951 1524 1033 1565 lar-

229 1581 347 1634 gitus
380 1581 451 1623 est.
516 1581 576 1622 Et
607 1582 752 1622 adhuc
780 1581 1032 1623 adolescens

229 1653 315 1680 ,xv.
337 1653 554 1680 annorum
577 1639 634 1680 ad
663 1653 859 1680 eremum
890 1654 1033 1681 reuer-

228 1697 344 1738 titur.
405 1696 493 1738 Vbi
523 1696 683 1738 cellula
711 1695 872 1738 stru&a
899 1698 1033 1751 paulo

229 1755 454 1808 ampliore,
488 1769 621 1808 quam
654 1761 702 1796 vt
732 1762 910 1809 caperet
941 1756 1033 1797 eius

173 1810 178 1815 ’
229 1812 532 1866 corpusculum
565 1827 573 1854 :
603 1813 726 1854 sacco
755 1813 948 1863 indutus,
975 1815 1031 1855 ad

227 1870 337 1924 xxj.
378 1872 523 1912 aetatis
565 1871 650 1912 suae
698 1885 863 1912 annum
912 1872 1031 1920 teste,

231 1929 523 1982 Hieronymo,
540 1929 614 1983 qui
632 1929 768 1970 vitam
787 1929 879 1970 eius
897 1929 1033 1971 literis

229 1988 472 2036 mandauit,
494 1993 620 2028 tanta
648 1987 912 2029 abstinentia
941 2002 1034 2029 cor—

228 2059 312 2098 pus
345 2044 516 2093 afflixit,
545 2052 593 2086 vt
627 2046 862 2099 quindenis
897 2047 1031 2087 modo

227 2103 379 2143 caricis
401 2117 487 2144 vno
510 2117 686 2157 quoque
708 2104 779 2144 die
808 2103 904 2156 post
933 2104 1031 2145 solis

227 2161 428 2202 occasum
452 2161 707 2210 vesceretur,
731 2167 775 2202 et
798 2161 923 2214 super
950 2162 1030 2203 hu-

228 2232 350 2259 mum
394 2219 532 2259 iuncis
574 2220 797 2260 duntaxat
839 2219 1030 2270 stratam,

228 2277 283 2317 ad
301 2277 505 2318 Vltimum
523 2277 625 2318 vitae
648 2275 766 2318 diem
790 2277 942 2318 somno
964 2292 1030 2319 re-

228 2334 439 2375 ficeretur.
505 2335 592 2375 Hic
627 2335 807 2376 demum
840 2336 1028 2376 orationi

227 2398 271 2433 et
308 2392 586 2445 psalmodiae⁴
619 2393 788 2446 semper
821 2393 1028 2443 intentus,

226 2450 322 2503 post
344 2450 646 2491 incredibilem
669 2451 811 2491 carnis
834 2465 1028 2492 macera-

226 2509 392 2549 tionem
417 2514 460 2549 et
482 2509 692 2549 continua
719 2509 880 2550 ieiunia
908 2508 1028 2550 msto-

225 2565 436 2618 gefimum
456 2572 585 2606 natus
602 2580 781 2617 annum,
799 2565 1029 2608 sanffitate

226 2630 270 2664 et
304 2624 523 2664 miraculis
552 2624 706 2673 clarus,
736 2626 943 2678 migrauit
972 2625 1027 2666 ad

226 2682 457 2722 dominum
481 2681 568 2734 xij.
592 2682 801 2723 calendas
830 2683 1028 2724 Nouem-

225 2739 325 2780 bris.

295 2876 306 2897 ¹
332 2875 393 2910 die
411 2885 466 2910 21.
486 2876 527 2911 in
545 2888 591 2911 m.

295 2921 308 2943 2
332 2923 474 2958 videnti
500 2935 507 2958 :
534 2924 573 2958 P.

295 2969 309 2991 ³
335 2981 378 3004 ac
403 2982 409 3004 :
438 2971 481 3004 R.
503 2971 540 3004 P.
561 2971 605 3005 A.

294 3015 308 3037 ⁴
333 3016 472 3061 psalmo
492 3017 551 3051 die
575 3030 581 3052 :
603 3018 640 3051 P.

966 208 1203 240 OCTOBER.

1116 290 1161 335 ([
1178 286 1223 327 E
1227 286 1415 342 narfflns
1420 295 1538 342 papa
1555 294 1734 348 margyr.
1774 288 1920 332 Leb'h'o

1436 346 1565 388 tertia
1572 346 1596 390 ⁵.

1123 418 1403 500 EVaristus
1417 434 1535 474 papa
1549 421 1730 463 natione
1746 435 1916 476 graecus

1225 483 1351 530 patre
1373 478 1519 520 iudaeo
1538 479 1695 520 traiani
1717 486 1917 534 ternpore

1112 534 1289 587 praefuit
1329 535 1529 578 ecclefiae.
1594 537 1694 587 Hic,
1735 543 1782 579 vt
1823 537 1916 578 Da·

1113 592 1256 633 masus
1299 593 1492 643 testatur,
1530 595 1683 636 titulos
1725 595 1768 636 in
1808 595 1916 637 vrbe

1114 649 1261 691 Roma
1288 651 1558 705 presbyteris
1580 653 1735 702 diuifit,
1756 658 1800 694 et
1822 653 1915 707 sep-

1111 712 1202 748 tem
1234 709 1445 750 diaconos
1477 709 1639 761 statuit,
1669 711 1744 764 qui
1775 710 1916 752 custo·

1110 765 1256 807 dirent
1307 766 1560 821 episcopum
1610 769 1913 822 predicantem

1110 829 1291 876 propter
1324 824 1467 865 stilum
1500 826 1710 867 veritatis.
1785 827 1913 868 Idem

1110 881 1344 931 constituit,
1364 896 1419 923 ne
1437 883 1576 936 plebis
1594 885 1638 924 in
1661 884 1912 938 episcopum

1110 939 1328 980 accusatio
1380 941 1701 983 admitteretur.
1783 942 1913 984 Ordi-

1111 997 1315 1038 nationes
1348 1003 1415 1038 ter
1447 998 1603 1040 habuit
1640 999 1786 1041 mense
1822 1000 1914 1041 De-

1110 1055 1276 1095 cembri
1318 1056 1477 1109 quibus
1522 1057 1804 1111 presbyteros
1845 1058 1912 1111 .vj.

1109 1113 1320 1161 diaconos
1338 1113 1389 1167 .ij.
1409 1114 1634 1168 episcopos
1652 1130 1729 1169 per
1742 1115 1911 1157 diuersa

1108 1169 1205 1211 loca
1233 1185 1282 1212 .v.
1313 1173 1490 1213 creauit.
1553 1173 1777 1214 Postremo
1808 1187 1910 1214 cum

1107 1227 1277 1270 sedisset
1299 1243 1439 1270 annos
1461 1230 1531 1271 jx.
1555 1231 1724 1272 menses
1742 1246 1798 1273 .x.
1816 1232 1910 1273 dies

1106 1285 1159 1339 .ij.
1178 1300 1295 1327 anno
1315 1287 1472 1329 vltimo
1495 1289 1674 1330 Traiani
1698 1290 1910 1343 martyrio

1106 1351 1342 1385 coronatus
1364 1345 1435 1395 est,
1459 1359 1511 1386 ac
1534 1346 1728 1400 sepultus
1751 1347 1794 1388 in
1817 1347 1909 1389 Va-

1105 1402 1253 1443 ticano
1274 1403 1357 1456 .vij.
1379 1403 1588 1445 calendas
1612 1405 1898 1447 Nouembris.

1104 1529 1149 1575 {1
1177 1525 1330 1567 Simon
1351 1532 1391 1567 et
1410 1527 1442 1567 I
1438 1526 1548 1568 udas
1567 1527 1741 1582 apostoli
1757 1527 1912 1584 duplex

1431 1585 1585 1627 maius.

1427 1670 1593 1713 Oratio.

1111 1748 1299 1830 DEus,
1322 1749 1397 1803 qui
1420 1763 1500 1791 nos
1523 1764 1601 1803 per
1621 1751 1776 1792 beatos
1801 1765 1908 1806 apo-

1214 1806 1344 1847 stolos
1375 1814 1474 1848 tuos
1506 1808 1736 1850 Simonem
1768 1816 1812 1851 et
1841 1811 1905 1851 iu-

1102 1863 1206 1904 dam
1231 1880 1238 1905 :
1261 1866 1316 1905 ad
1340 1866 1612 1918 agnitionem
1631 1867 1694 1908 tui
1712 1868 1904 1909 nominis

1100 1922 1249 1963 venire
1270 1923 1454 1964 tribuisti
1486 1939 1494 1965 ε
1522 1925 1581 1965 da
1603 1925 1727 1966 nobis
1750 1939 1903 1966 eorum

1099 1979 1287 2032 gloriam
1320 1980 1630 2035 sempiternam
1661 1989 1705 2023 et
1733 1982 1904 2036 profici-

1100 2038 1217 2078 endo
1266 2038 1498 2088 celebrare,
1546 2046 1590 2081 et
1638 2041 1903 2083 celebrando

1099 2094 1312 2148 proficere
1336 2112 1343 2137 :
1366 2111 1446 2150 per
1467 2098 1710 2141 dominum.

1341 2204 1488 2246 Leb‘t'z'o
1509 2206 1635 2247 tertia
1641 2204 1665 2248 ⁶.

1103 2280 1164 2365 S
1175 2282 1304 2322 Imon
1317 2282 1595 2337 Chananeus,
1605 2292 1902 2338 cognomento

1202 2339 1377 2389 zelotes,
1400 2347 1444 2382 et
1475 2342 1610 2383 Iudas
1640 2342 1803 2393 Iacobi,
1825 2345 1900 2398 qui

1099 2396 1355 2438 Thaddaeus
1419 2413 1595 2453 quoque
1661 2401 1900 2451 dicebatur,

1100 2455 1252 2496 Iacobi
1284 2456 1428 2497 fratris
1459 2458 1627 2498 domini
1660 2458 1813 2499 fratres
1844 2460 1902 2501 de

1099 2526 1283 2554 numero
1316 2514 1550 2555 duodecim
1588 2515 1898 2569 apostolorum,

1098 2584 1235 2623 quum
1288 2571 1594 2624 Babyloniam,
1635 2574 1900 2616 vniuersam-

1098 2641 1185 2681 que
1200 2629 1288 2669 fere
1307 2629 1522 2670 Perfidem
1542 2645 1770 2684 magorum
1786 2631 1899 2674 falfis

1097 2684 1898 2741 docftrinispraestigijsqueliberassent,

1097 2749 1141 2784 et
1162 2757 1314 2785 verum
1338 2744 1493 2786 Christi
1514 2746 1680 2787 cultum
1699 2746 1898 2790 latiffime

1166 2879 1181 2901 ⁵
1205 2880 1266 2915 die
1284 2880 1338 2915 26.
1357 2881 1399 2915 in
1417 2893 1463 2917 m.

1095 2926 1266 3009 mmflpc‘lie
1293 2937 1336 2971 27
1363 2929 1404 2963 in
1432 2940 1478 2964 m.
1501 2929 1545 2964 V.
1596 2929 1658 2965 die
1683 2931 1727 2966 28
1752 2943 1759 2966 :
1787 2931 1829 2967 R.
1849 2932 1893 2967 A.
