2066 3392
281 189 360 230 108

274 288 460 324 conatur
472 289 680 325 auertere.
717 283 806 326 Sed
821 282 905 325 hoc
922 282 1076 324 frustra

273 346 458 391 tentato,
481 341 602 382 iubet
629 355 730 382 eum
758 341 902 395 stipite
923 341 1076 394 alliga-

275 404 371 439 tum
407 398 433 440 a
466 398 702 452 sagittarijs
734 399 909 453 configi.
972 400 1075 440 Fre-

272 457 511 511 quentibus
528 457 661 510 igitur
678 457 845 510 sagittis
859 456 1076 505 confixus,

272 528 373 555 curn
395 515 452 555 ab
474 515 681 556 omnibus
702 521 778 556 aut
801 521 1075 569 pernecatus,

273 579 350 614 aut
381 572 581 626 protinus
612 573 850 614 moriturus
881 573 1076 613 credere-

273 637 356 681 tur,
377 636 528 671 tamen
550 630 832 684 consequenti
855 629 994 678 nocte,
1018 630 1075 671 ab

277 688 460 741 Hyrene
502 686 651 729 sanGta
685 694 888 729 matrona
924 688 1075 742 sepeli-

274 746 376 787 endi
404 746 549 799 gratia
574 745 770 787 sublatus
794 747 921 787 viuus
953 760 1075 800 repe-

274 804 392 852 ritur,
414 809 459 844 et
490 817 574 857 ope
606 804 758 844 diuina
786 804 908 845 breui
939 804 1001 845 est
1032 804 1074 845 in

273 861 409 902 domo
441 861 556 902 illius
586 862 629 902 in
659 862 885 915 pristinam
907 862 1076 904 valetu-

274 920 424 960 dinem
457 919 690 961 restitutus.
753 920 911 972 Itaque
942 920 1077 974 paulo

273 977 368 1031 post
399 975 542 1018 faetus
572 977 752 1018 obuiam
796 977 1077 1019 Diocletiano

274 1036 329 1076 ad
354 1036 412 1076 rei
437 1034 696 1076 miraculum
719 1036 924 1085 attonito,
942 1035 1077 1077 libere

272 1093 409 1146 coepit
432 1094 707 1147 impietatem
730 1100 774 1135 et
796 1093 1008 1135 saeuitiam
1031 1094 1074 1134 in

274 1151 544 1193 Christianos
576 1152 885 1205 improperare.
947 1152 1076 1193 Tunc

271 1223 377 1250 vero
414 1209 519 1250 iussu
563 1209 755 1250 eiusdem
797 1210 1075 1263 imperatoris

272 1274 365 1308 tam
391 1268 466 1308 diu
496 1267 629 1321 virgis
662 1268 796 1309 caesus
828 1267 899 1318 est,
932 1268 1075 1309 donec

273 1325 469 1366 animam
511 1325 753 1368 exhalauit.
822 1325 930 1367 Eius
970 1340 1075 1367 vero

273 1397 432 1436 corpus
454 1384 498 1424 in
520 1383 718 1424 cloacam
741 1382 962 1425 deietff’tum
987 1384 1075 1425 Lu-

271 1442 382 1482 cinae
414 1455 561 1495 opera,
582 1441 650 1482 cui
685 1441 966 1483 Sebastianus
997 1456 1076 1496 per

272 1499 488 1539 somnium
511 1499 635 1549 visus,
658 1505 702 1541 et
723 1500 796 1541 vbi
827 1499 950 1541 suum
980 1514 1073 1540 cor-

272 1571 355 1610 pus
382 1557 497 1605 esset,
521 1563 565 1598 et
586 1557 659 1599 vbi
686 1558 818 1599 condi
839 1557 972 1599 vellet
999 1557 1074 1598 de-

274 1614 544 1665 monstrauit,
575 1615 631 1656 ad
664 1615 981 1656 cathacumbas
1015 1615 1075 1656 se-

273 1673 447 1726 pultum
471 1672 531 1714 est
556 1688 564 1713 :
600 1673 674 1714 vbi
697 1673 915 1726 templum
946 1679 1075 1715 extat

274 1731 466 1772 eiusdem
497 1730 675 1771 nomine
699 1730 907 1781 dicatum,
931 1731 1075 1784 passus

272 1788 333 1829 est
363 1795 511 1830 autem
546 1789 705 1830 Romae
732 1789 841 1843 ,xiij.
866 1789 1075 1831 calendas

274 1847 310 1887 F
313 1846 514 1900 ebruarij.

270 1919 421 1974 Agnes
451 1919 575 1974 virgo
606 1926 786 1973 martyr.
810 1920 965 1975 duplex
994 1921 1075 1962 mi-

513 1992 609 2020 nus.
674 1978 836 2020 Oratio.

275 2052 625 2137 OMnipotens
661 2053 923 2107 sempiterne
953 2054 1073 2104 deus,

393 2112 468 2166 qui
491 2111 664 2152 infirma
685 2112 839 2153 mundi
857 2112 981 2166 eligis
1003 2118 1076 2153 :vt

272 2168 403 2210 sortia
432 2183 621 2223 quaeque
654 2170 900 2211 confundas
930 2185 937 2210 :
970 2184 1075 2211 con—

271 2227 379 2268 cede
420 2228 638 2281 propitius
682 2241 691 2269 :
732 2234 780 2269 vt
813 2229 888 2282 qui
930 2228 1074 2269 beatae

272 2284 466 2338 Agnetis
508 2286 715 2339 martyris
756 2292 845 2327 tuae
881 2285 1075 2327 solennia

270 2342 467 2392 colimus,
495 2344 588 2384 eius
614 2343 734 2398 apud
757 2350 801 2385 te
826 2344 1074 2398 patrocinia

274 2400 513 2442 sentiamus
538 2417 546 2442 :
571 2415 659 2455 per.

514 2475 660 2516 Lec‘lio
683 2473 840 2517 tcrlz'a¹.

271 2548 455 2633 AGnes
476 2550 601 2603 virgo
625 2551 831 2591 Romana
853 2549 980 2592 claris
998 2565 1074 2604 pa-

386 2608 581 2649 rentibus
603 2614 712 2657 orta,
734 2607 857 2649 cum²
879 2609 935 2649 ab
957 2609 1075 2649 vrbis

270 2664 466 2719 praefeffi
495 2665 585 2706 filio
615 2679 764 2706 amore
793 2665 1007 2719 flagrante
1031 2667 1073 2708 in

270 2724 503 2777 coniugem
547 2724 720 2776 magnis
762 2723 982 2777 pollicitis,
1025 2730 1069 2766 et

269 2781 555 2822 contentione
586 2788 820 2835 peteretur,
861 2782 1069 2823 omnibus

269 2838 419 2892 spretis
442 2838 485 2879 in
508 2852 559 2879 ea
583 2838 854 2893 responsione
872 2839 1068 2893 perstitit,

270 2896 310 2937 sc
336 2896 393 2938 ab
418 2903 616 2938 amatore
650 2896 821 2939 Christo
848 2896 970 2939 fuisse
995 2912 1067 2939 oc-

408 3014 420 3037 1
447 3015 506 3052 die
525 3026 579 3052 21.
599 3017 638 3052 t‘n
658 3029 703 3052 m.
954 3017 967 3040 ²
992 3030 1076 3054 curn

1102 3030 1109 3054 :
1128 3030 1196 3054 om.
1216 3017 1259 3052 A.

958 204 1011 236 [Α
1015 203 1058 235 Ν
1058 202 1121 236 UA
1125 202 1185 234 RI
1186 202 1252 236 US.

1145 288 1369 336 cupatam‚
1400 282 1565 337 ipsique
1601 282 1677 324 soli
1716 282 1757 324 se
1793 281 1946 324 datam

1146 339 1281 381 fidem
1323 340 1529 394 praestare
1579 347 1793 395 oportere.
1876 339 1948 381 Ita

1146 411 1246 439 cum
1270 411 1414 452 neque
1436 398 1678 452 blanditijs,
1700 411 1846 452 neque
1868 397 1947 438 mi-

1146 456 1213 496 nis
1254 463 1609 498 commoueretur
1649 455 1675 497 ὲ.
1715 455 1949 510 proposito,

1146 526 1226 554 nec
1257 514 1363 555 iussa
1395 515 1505 555 Deae
1533 514 1679 556 Vestae
1710 513 1948 555 sacrificare

1145 572 1363 624 paruisset,
1395 571 1584 613 vestibus
1621 571 1806 626 spoliata
1836 584 1948 625 prae-

1145 635 1279 670 eunte
1306 643 1509 683 praecone
1539 631 1581 670 in
1605 629 1792 684 lupanar
1811 626 1947 670 dufi’ta

1145 686 1218 736 est,
1250 687 1323 728 vbi
1361 687 1534 728 coeleste
1569 688 1718 728 lumen
1759 686 1814 728 fic
1847 699 1945 728 eam

1145 744 1438 795 circumfulsit,
1467 751 1514 786 vt
1546 745 1572 787 a
1602 746 1779 786 nemine
1809 743 1947 786 videri

1146 802 1297 855 posset.
1359 803 1563 857 Cumque
1597 801 1794 857 praefecti
1828 801 1946 843 filius

1145 860 1301 913 virgini
1343 860 1625 902 insultaturus
1673 860 1880 909 intrasset,
1921 858 1948 901 ὲ

1147 918 1341 959 Diabolo
1364 918 1597 960 suffocatus
1619 918 1819 960 traditur.
1870 918 1946 972 qui

1147 989 1255 1016 mox
1281 977 1480 1017 oratione
1500 976 1681 1030 virginis
1707 976 1945 1023 suscitatus,

1145 1034 1416 1087 egressusque
1439 1035 1482 1075 in
1506 1035 1733 1088 publicum
1755 1033 1946 1075 clamare

1145 1092 1293 1145 coepit,
1317 1092 1506 1146 Templa
1537 1093 1722 1134 deorum
1751 1091 1836 1133 esse
1856 1091 1947 1133 dae-

1145 1151 1327 1190 monum
1343 1150 1577 1198 domicilia,
1588 1156 1632 1192 et
1649 1150 1786 1191 solum
1805 1148 1947 1192 Chris-

1143 1208 1365 1248 tianorum
1381 1221 1534 1250 verum
1548 1208 1631 1250 esse
1645 1209 1790 1250 deum.
1844 1206 1948 1262 Quo

1144 1265 1355 1306 miraculo
1376 1265 1643 1320 templorum
1665 1264 1947 1320 pontificibus

1144 1324 1391 1373 commotis,
1432 1338 1484 1365 ac
1517 1324 1733 1377 virginem
1766 1337 1944 1377 magam

1144 1382 1228 1422 esse
1264 1382 1608 1430 clamitantibus,
1642 1381 1850 1436 Aspasius
1884 1381 1948 1422 vi-

1144 1440 1286 1480 carius
1315 1440 1358 1481 in
1385 1438 1620 1494 conspe&u
1650 1440 1851 1481 omnium
1877 1452 1946 1480 ro-

1143 1511 1250 1551 gum
1273 1498 1467 1547 accendi,
1484 1504 1527 1539 et
1549 1498 1592 1538 in
1615 1510 1715 1539 eum
1729 1497 1952 1551 virginem>

1145 1556 1344 1608 protrudi
1367 1555 1488 1597 iussit.
1551 1555 1654 1609 Quo
1682 1552 1800 1597 saeco
1821 1553 1946 1596 flam-

1146 1613 1228 1654 mis
1261 1613 1407 1654 diuisis
1434 1612 1525 1667 ipsa
1556 1613 1600 1654 in
1633 1613 1783 1654 medio
1814 1612 1947 1654 illaesa

1145 1671 1390 1724 permansit,
1419 1678 1464 1713 et
1491 1671 1604 1725 ignis
1631 1670 1946 1712 circunstantes

1145 1729 1373 1778 exurebat,
1404 1729 1479 1782 qui
1511 1735 1662 1770 tamen
1695 1729 1752 1770 ad
1784 1729 1946 1770 oratio-

1146 1800 1247 1827 nem
1262 1787 1442 1840 virginis
1457 1786 1601 1827 statim
1624 1784 1852 1828 extinGtus
1873 1785 1945 1828 est.

1145 1845 1273 1885 Tunc
1322 1844 1530 1898 Aspasius
1583 1845 1646 1886 ira
1696 1844 1947 1885 concitatus

1145 1902 1257 1944 iussit
1279 1916 1376 1943 eam
1399 1902 1616 1943 decollari.
1686 1902 1745 1943 Et
1762 1901 1816 1942 fic
1833 1915 1946 1942 mar-

1145 1961 1260 2013 tyrio
1278 1966 1489 2001 coronata
1505 1961 1561 2002 ad
1579 1959 1781 2014 sponsum
1805 1959 1947 2002 Chris-

1144 2024 1239 2059 tum
1281 2018 1515 2071 emigrauit
1555 2018 1821 2059 duodecimo
1876 2031 1947 2058 ca-

1146 2076 1301 2117 lendas
1334 2075 1573 2129 Februarij.
1635 2075 1844 2117 Parentes
1871 2088 1946 2116 au-

1144 2141 1235 2175 tem
1273 2134 1366 2175 eius
1400 2147 1558 2187 corpus
1594 2132 1867 2175 abstulerunt
1901 2139 1947 2174 et

1144 2193 1216 2233 via
1246 2192 1535 2233 Numentana
1563 2191 1606 2232 in
1636 2191 1851 2245 praediolo
1872 2190 1947 2232 suo

1145 2263 1233 2291 non
1268 2249 1399 2304 longe
1434 2250 1490 2290 ab
1523 2250 1629 2291 vrbe
1671 2248 1944 2303 sepelierunt.

1146 2308 1205 2349 Et
1237 2307 1356 2348 fama
1388 2305 1630 2349 sanfititatis
1662 2307 1755 2348 eius
1785 2307 1947 2361 vbique

1144 2365 1345 2419 dispersa,
1376 2371 1596 2419 quotquot
1627 2364 1856 2406 credentes
1889 2364 1947 2406 ad

1144 2423 1419 2477 sepulchrum
1444 2423 1536 2464 eius
1553 2422 1776 2472 venissent,
1794 2420 1821 2463 a
1841 2435 1947 2476 qua-

1145 2495 1318 2535 cunque
1341 2480 1595 2522 infirmitate
1618 2480 1898 2522 sanabantur.

1145 2553 1189 2599 {I
1226 2550 1474 2592 Vincentius
1492 2557 1534 2591 et
1551 2550 1592 2590 A
1601 2549 1809 2604 nastasius
1828 2562 1948 2591 mar-

1324 2615 1445 2661 tyres.
1505 2607 1649 2648 Lec‘lio
1669 2605 1767 2661 .iz'j³.

1146 2666 1462 2749 VIncentius
1486 2665 1643 2708 Oschae
1663 2670 1806 2715 natus,
1826 2665 1946 2719 quod

1262 2724 1477 2778 oppidum
1507 2723 1568 2764 est
1595 2722 1820 2776 Hispaniae
1843 2723 1948 2764 cite-

1139 2781 1275 2831 rioris,
1317 2782 1374 2823 ab
1411 2782 1593 2822 ineunte
1635 2787 1768 2821 aetate
1802 2779 1946 2821 studio

1137 2840 1381 2881 litterarum
1396 2839 1584 2887 deditus,
1592 2844 1635 2879 et
1651 2838 1778 2879 sacris
1792 2837 1947 2879 litteris

1138 2897 1346 2947 eruditus,
1378 2895 1403 2938 a
1434 2896 1613 2939 Valerio
1646 2895 1947 2950 Caesaraugus-

1507 3015 1520 3038 ³
1547 3015 1607 3051 die
1625 3025 1678 3051 22.
1698 3015 1740 3051 in
1757 3026 1804 3051 m.
