2066 3392
0 1949 6 2116 l

924 195 1108 229 IULIUS.
1775 194 1850 235 141

180 273 440 327 martyrium
481 273 690 316 videlicet
730 275 980 329 procreauit

180 330 492 380 Crescentium‚
537 331 771 380 Iulianum,
815 333 981 374 Neme-

178 388 299 438 fium,
313 389 606 440 Primitiuum,
617 389 843 441 Iustinum,
854 390 980 433 Stac-

178 452 314 496 teum,
336 446 601 501 Eugenium,
623 461 724 489 cum
754 449 912 502 quibus
934 449 978 490 in

178 504 480 558 persecutione
515 504 704 547 Adriani
739 513 871 560 capta
907 506 979 556 est,

178 568 359 616 propter
393 562 649 605 Christianae
682 563 785 605 fidei
819 564 981 618 profes-

177 619 353 670 sionem,
374 621 615 675 omnesque
647 621 799 663 multis
829 620 978 664 afseffi

178 677 414 732 supplicijs,
434 684 482 719 vt
513 677 539 720 a
565 693 670 720 vera
700 680 868 733 pietate
896 680 980 722 dis-

177 735 397 777 cederent.
458 736 511 777 In
548 750 638 790 qua
677 751 778 779 cum
821 739 979 779 immo-

176 792 291 835 biles
322 794 664 847 permansissent‚
696 795 980 850 symphorosa

177 851 221 892 in
251 851 625 906 praeterfluentem
656 852 841 895 fluuium
871 854 977 895 saxo

175 909 234 951 ad
265 909 429 951 collum
461 910 667 964 appenso,
701 912 979 966 praecipitata

177 966 249 1018 est,
271 973 317 1009 et
343 967 610 1022 interempta
634 984 642 1010 :
667 969 858 1024 Eiusque
885 983 980 1011 cor-

177 1038 261 1079 pus
310 1025 368 1066 ab
410 1025 614 1079 Eugenio
665 1027 795 1081 ipsius
846 1027 979 1069 fratre

177 1082 410 1137 sepulturae
432 1084 601 1126 datum.
644 1084 854 1126 Postridie
874 1099 979 1127 vero

175 1141 251 1195 qui
292 1141 375 1182 suit
415 1156 500 1183 .xv.
537 1142 747 1184 calendas
788 1143 978 1197 Augusti

173 1198 342 1253 septem
373 1198 528 1241 fratres
556 1199 733 1254 singulis
761 1201 980 1255 stipitibus

175 1257 345 1310 alligati
388 1257 496 1299 sunt.
559 1259 619 1299 Et
660 1259 855 1300 crescens
897 1273 977 1314 per

175 1321 329 1368 guttur
359 1314 473 1356 ferro
504 1315 753 1366 transfixus,
777 1317 977 1359 Iulianus

174 1386 254 1427 per
294 1371 462 1426 ρεξὶιιε,
504 1373 732 1416 Nemefius
773 1389 853 1429 per
892 1389 979 1426 cor,

176 1430 430 1472 Primitiuus
456 1445 534 1486 per
563 1432 832 1483 vmbilicum,
855 1433 979 1475 Iusti-

175 1501 257 1530 nus
308 1490 593 1531 membratim
645 1489 851 1532 disse6tus
903 1491 975 1542 est,

175 1544 382 1589 StaReus
405 1547 556 1589 multis
579 1547 742 1590 lanceis
760 1548 979 1599 confixus,

176 1604 404 1659 Eugenius
445 1603 471 1646 a
512 1603 691 1660 pectore
741 1607 785 1648 in
827 1614 977 1661 partes

174 1661 398 1704 inferiores
413 1662 570 1705 sciffus.
609 1663 807 1718 Ipsorum
823 1672 974 1707 autem

173 1733 358 1774 corpora
375 1721 419 1762 in
438 1720 590 1763 fossam
613 1723 841 1776 quandam
864 1738 975 1777 prae-

173 1777 310 1820 altam
332 1777 505 1820 deie6'ta
527 1779 624 1821 sunt
646 1781 690 1821 in
712 1781 784 1823 via
801 1781 977 1836 Tybur-

172 1835 267 1877 tina
290 1836 496 1878 milliario
519 1851 651 1879 non0.

187 1949 233 1996 (1
257 1943 476 1986 Praxedis
507 1944 653 2000 Virgo.
713 1945 860 1987 Lemo
882 1954 962 1989 ter-

527 2003 622 2045 tia².

180 2071 460 2154 PRaxedis
527 2073 653 2127 virgo
713 2074 976 2115 venerabilis

279 2130 492 2172 Pudentis
510 2131 680 2172 romani
699 2130 799 2181 filia,
817 2133 975 2173 amissis

172 2188 428 2242 parentibus
450 2194 576 2230 tanta
598 2202 702 2230 cura
719 2196 763 2231 et
777 2189 976 2231 constan—

171 2244 235 2286 tia
268 2245 613 2288 Christianorum
645 2247 974 2289 commoditati-

173 2302 256 2344 bus
272 2302 545 2353 inseruiebat,
562 2310 609 2345 vt
625 2304 789 2346 multos
804 2303 974 2347 sanas»

175 2374 271 2402 rum
290 2374 535 2415 pauperum
552 2361 635 2403 suis
649 2362 808 2416 opibus
823 2362 973 2412 aleret,

172 2418 360 2459 aliorum
411 2419 744 2469 necessitatibus,
785 2433 874 2474 quo
913 2422 971 2462 ad

171 2481 347 2529 poterat
368 2477 632 2530 prouideret.
675 2477 848 2520 Exorta
868 2492 972 2520 vero

174 2532 520 2576 Christianorum
542 2533 620 2576 sub
651 2535 804 2578 Marco
825 2535 972 2577 Anto-

171 2589 298 2633 nino¹
347 2591 613 2646 imperatore
660 2592 974 2647 persecutione,

171 2647 423 2691 exaestuans
437 2650 561 2704 virgo
582 2650 714 2692 beata
736 2664 824 2692 non
843 2651 971 2693 desti-

171 2707 227 2747 tit
258 2704 409 2748 fideles
440 2707 561 2748 omni
603 2708 773 2750 ratione
810 2708 971 2751 fouere.

172 2762 332 2818 Itaque
382 2764 492 2806 alios
532 2765 653 2807 domi
704 2766 968 2817 occultabat,

170 2820 270 2874 alijs
292 2822 525 2864 necess‘aria
547 2822 843 2875 submittebat,
859 2824 969 2866 alios

171 2879 228 2920 ad
252 2878 353 2921 fidei
381 2879 668 2923 constantiam
700 2881 969 2926 hortabatur.

286 3015 297 3037 ¹
324 3015 383 3052 die
403 3025 456 3052 21,
477 3017 516 3052 t'n
535 3029 580 3053 m.

779 3017 792 3039 ²
816 3017 983 3054 Antonio
1003 3030 1010 3053 ε
1031 3018 1074 3053 Α.

1049 275 1299 330 Martyrum
1323 289 1508 330 corpora
1531 275 1642 317 mira
1664 275 1854 318 solicitu-

1046 333 1152 375 dine
1172 331 1358 375 collesta
1375 333 1624 387 sepeliebat.
1656 334 1852 375 Tantam

1046 391 1181 446 igitur
1250 391 1598 434 Christianorum
1662 391 1852 445 stragem

1046 463 1148 490 curn
1190 449 1277 491 fine
1328 449 1499 490 summo
1547 448 1701 491 dolore
1742 449 1853 490 ferre

1047 521 1136 548 non
1169 507 1321 561 posset,
1352 513 1533 561 precata
1564 508 1698 548 deum
1730 513 1778 548 vt
1810 507 1852 547 se

1046 566 1184 606 tantis
1210 579 1234 606 e
1262 565 1390 606 malis
1419 566 1609 619 eriperet
1637 565 1852 606 exaudita

1046 622 1117 664 est.
1200 623 1261 664 Et
1301 623 1491 677 egregiae
1533 623 1620 664 suae
1670 623 1850 678 pietatis

1045 687 1180 735 atque
1212 681 1415 723 laborum
1453 681 1638 735 praemia
1669 695 1851 736 percep-

1045 745 1156 789 tura,
1180 740 1389 793 migrauit
1418 740 1475 781 ad
1504 739 1736 781 dominum
1758 739 1849 793 ‚xij.

1045 797 1253 839 calendas
1302 797 1504 851 Augusti.
1566 797 1703 840 Cuius
1755 811 1849 839 cor-

1043 869 1126 909 pus
1160 855 1311 896 Pastor
1341 855 1572 909 presbyter
1607 851 1736 897 iuxta
1771 870 1849 910 pa-

1044 919 1159 954 trem
1181 919 1226 954 et
1252 913 1442 954 sororem
1469 914 1781 955 Potentianam
1804 914 1847 955 in

1045 971 1302 1013 coemeterio
1335 971 1539 1013 Priscillae
1572 971 1644 1013 via
1676 971 1850 1014 Salaria

1045 1029 1262 1084 sepeliuit.

1103 1122 1147 1168 (I
1190 1119 1350 1161 ‚Maria
1385 1119 1448 1160 M
1444 1119 1658 1174 agdalena
1697 1119 1852 1174 duplex

1045 1177 1200 1220 minus.
1260 1177 1344 1219 Ad
1371 1178 1563 1232 vcsperas
1595 1184 1639 1219 et
1668 1177 1850 1219 matuti-

1044 1249 1161 1278 num.

1334 1306 1391 1347 H
1375 1320 1454 1359 ym
1459 1320 1551 1349 nm.

1147 1375 1259 1417 Vius
1320 1375 1508 1417 obtentu
1570 1375 1680 1418 deus
1732 1376 1849 1418 alme

1189 1433 1344 1475 nostris
1387 1434 1524 1475 Parce
1567 1434 1656 1475 iam
1707 1435 1848 1489 culpis

1040 1491 1155 1532 vicia
1196 1492 1440 1541 remittens,
1474 1491 1578 1545 Quo
1614 1493 1695 1534 tibi
1738 1494 1850 1546 puri,

1042 1548 1295 1591 resonemus
1312 1549 1483 1591 almum
1503 1547 1698 1592 Peftoris
1719 1550 1850 1606 hym—

1044 1620 1163 1648 num.

1102 1664 1254 1707 Gloria
1285 1666 1412 1719 patri,
1440 1666 1694 1721 genitaeque
1725 1667 1850 1722 proli,

1045 1723 1105 1764 Et
1126 1723 1207 1765 tibi
1230 1737 1414 1778 compar
1435 1724 1658 1779 Vtriusque
1676 1724 1849 1780 semper

1044 1781 1236 1835 Spiritus
1272 1782 1389 1823 alme
1425 1782 1536 1824 deus
1576 1797 1690 1825 vnus
1726 1785 1849 1826 omni

1043 1846 1246 1893 tempore
1269 1839 1378 1882 secli.
1438 1839 1604 1883 Amen.

1366 1936 1457 1979 Ora
1461 1937 1529 1979 tio.

1052 2011 1255 2094 BEatae
1327 2012 1484 2053 Mariae
1562 2012 1846 2066 Magdalenae

1142 2069 1396 2124 quaesumus
1420 2069 1604 2111 domine
1631 2070 1848 2125 suffragijs

1042 2127 1318 2176 adiuuemur,
1342 2127 1467 2168 cuius
1499 2127 1705 2181 precibus
1737 2143 1847 2170 exo-

1042 2191 1162 2227 ratus
1218 2201 1226 2226 :
1276 2185 1621 2239 quatriduanum
1665 2186 1844 2228 fratrem

1039 2243 1192 2285 viuum
1214 2243 1272 2284 ab
1294 2242 1442 2284 inseris
1464 2242 1717 2285 resuscitasti
1741 2260 1750 2286 z
1770 2245 1845 2300 qui

1039 2315 1162 2342 viuis.

1040 2399 1084 2444 ΙΙ
1118 2397 1200 2438 Ad
1217 2397 1482 2439 matutinum
1506 2397 1811 2441 z'mcitatorium
1820 2398 1845 2443 ⁸.

1099 2472 1356 2513 Laudemus
1387 2471 1521 2513 deum
1564 2471 1757 2514 nostrum
1800 2474 1843 2515 in

1037 2529 1300 2571 consessione
1330 2529 1475 2571 beatae
1518 2529 1672 2572 Mariae
1715 2531 1844 2586 Mag·

1037 2587 1223 2630 dalenae.

1276 2688 1423 2731 Lec‘lio
1454 2689 1599 2731 tertia.

1046 2763 1172 2848 EX
1205 2763 1461 2830 mulieribus
1491 2777 1592 2818 quae
1623 2764 1842 2833 Christum

1157 2835 1334 2876 egregia
1375 2827 1543 2876 pietate
1583 2822 1757 2865 coluisse
1799 2838 1841 2866 m

1038 2879 1216 2922 historia
1272 2879 1529 2934 euangelica
1588 2879 1844 2932 referuntur,

1276 3015 1289 3037 ³
1314 3016 1373 3051 <lic
1394 3026 1435 3051 22
1456 3017 1495 3052 t'n
1515 3028 1559 3052 m.
1611 3029 1679 3052 mn.
1704 3018 1741 3052 1⁵.
