2066 3392
408 228 562 261 FERIA
596 227 701 271 JlU.
735 226 1012 260 DOMJNJCAE
1043 227 1148 271 ,ΙΙΙ-Ι.
1182 227 1613 268 QUADRAGESJMAE.
1794 221 1844 265 53

172 308 218 355 ΙΙ
240 306 319 349 Ex
335 306 503 362 epistola
523 305 669 349 Iacobi
673 303 696 348 ¹.
750 305 894 347 Lemo
915 306 972 360 js.

267 379 500 433 Vicunque
539 385 690 420 autem
731 384 874 420 totam
912 378 973 420 le-

295 450 396 492 gem
415 437 663 485 seruauerit,
681 436 879 478 offendat
896 450 974 478 au-

171 500 263 594 tam
278 495 322 536 in
336 509 438 536 vno.
450 528 458 536 .
470 494 571 537 ‚sine
581 495 789 549 operibus
799 500 973 536 mortua

172 566 196 594 e
238 585 247 594 .

495 627 658 670 Oratio.

181 703 372 788 DEus,
411 703 486 758 qui
533 709 577 744 et
619 702 737 745 iustis
786 703 972 756 praemia

294 762 563 811 meritorum,
586 767 630 802 et
661 761 970 815 peecatoribus

173 833 252 874 per
290 820 501 861 ieiunium
532 820 708 861 veniam
751 819 922 872 praebes
965 834 974 860 z

175 877 373 919 miserere
395 877 662 931 supplicibus
691 877 789 925 tuis,
812 884 859 918 vt
882 890 973 918 rea-

174 942 245 978 tus
267 935 397 977 nostri
419 934 623 976 confessio
645 935 971 988 indulgentiam

173 994 397 1048 percipere
446 993 593 1035 valeat
647 991 912 1034 defletorum
965 1008 974 1034 z

173 1065 262 1106 per.

174 1145 220 1192 {I
266 1143 398 1186 Feria
442 1157 494 1186 .v.
541 1156 595 1208 5³³³
616 1140 819 1209 ‘GenefiQ
872 1142 974 1184 Lec-

511 1208 570 1243 tzo
591 1235 597 1241 .
622 1235 629 1242 .

183 1274 357 1358 IGitur
407 1275 565 1330 Ioseph
588 1216 769 1317 Jducfftus
819 1275 880 1317 est
931 1275 974 1317 in

254 1333 530 1388 Aegyptum,
574 1335 770 1388 emitque
814 1347 971 1375 eum...

173 1393 324 1434 omnia
345 1406 481 1447 opera
501 1392 593 1434 eius
615 1392 847 1446 dirigebat.

174 1502 220 1549 {1
244 1500 319 1542 Ex
340 1500 507 1556 epistola
529 1498 691 1543 iasobi’.
752 1500 897 1542 Lefflo
919 1500 976 1555 ij.

275 1574 397 1618 Olite
427 1575 574 1629 plures
601 1575 792 1629 magistri
825 1575 971 1617 fieri...

302 1634 346 1674 in
375 1647 484 1687 pace
512 1633 750 1675 seminatur
775 1633 976 1676 facienti·

177 1690 259 1732 bus
279 1704 449 1746 pacem.

495 1783 656 1826 Oratio.

185 1856 408 1940 PRaesta
461 1858 711 1912 quaesumus
772 1858 977 1912 omnipo-

289 1921 389 1957 tens
417 1915 526 1957 deus
563 1932 571 1957 :
598 1922 646 1957 vt
674 1930 785 1970 quos
815 1917 978 1958 ieiunia

175 1972 326 2015 votiua
365 1973 580 2028 castigant
616 1987 625 2015 :
667 1974 758 2028 ipsa
799 1987 977 2028 quoque

177 2030 357 2073 deuotio
388 2031 490 2072 sana
532 2031 727 2073 laetificet
764 2047 772 2072 :
803 2038 850 2073 vt
891 2038 978 2073 ter-

178 2088 293 2129 renis
315 2086 546 2130 affef’dbus
573 2089 787 2143 mitigatis
809 2089 978 2131 facilius

178 2145 369 2187 coelestia
390 2147 618 2200 capiamus
641 2162 649 2188 :
671 2161 758 2200 per.

178 2238 223 2285 (Ι
238 2236 370 2278 Feria
383 2237 450 2292 ‚1372
481 2237 559 2279 Ex
574 2237 748 2291 Gemfi‘.
781 2238 926 2280 Lec‘lio
939 2239 979 2294 j.

190 2321 330 2404 HIS
374 2323 522 2377 itaque
560 2324 690 2378 gestis
728 2325 888 2367 accidit
932 2331 979 2368 vt

312 2388 547 2434 peccarent
593 2382 684 2423 duo
731 2383 975 2426 eunuchi...

179 2436 344 2479 oblitus
365 2438 425 2480 est
448 2439 699 2493 interpretis
723 2440 793 2481 sui.

178 2536 224 2583 {I
266 2535 341 2577 Ex
378 2535 571 2591 Epistola
611 2536 784 2580 Iacobi⁵.
836 2537 980 2580 Lecslio

474 2594 675 2647 stcunda.

180 2665 369 2749 VNde
399 2667 515 2709 bella
546 2675 589 2710 et
619 2669 717 2710 lites
752 2670 794 2711 in
822 2670 978 2712 vobis?

294 2725 455 2766 Nonne
477 2740 534 2767 ex
557 2727 974 2782 concupiscentijs...

178 2789 408 2835 peccatum
430 2783 490 2825 est
514 2784 586 2827 illi.

247 2905 258 2927 ι
302 2906 321 2914 ..

245 2951 262 3021 ζ
284 2904 535 2999 {32159—1221672.
552 2954 685 3009 [xxxix.
709 2957 848 3005 1—-23.]

287 3001 351 3035 Ca.
371 3011 391 3046 3
409 3003 450 3037 in
468 3014 513 3038 m.
533 3002 597 3050 [iii.
623 3003 761 3051 1-18.]

246 3046 259 3069 ⁴
285 3048 350 3083 Ca.
368 3058 415 3091 40
430 3050 471 3085 in
489 3061 534 3085 m.
554 3049 614 3096 [xl.
640 3050 778 3098 1—23.]

1363 305 1527 348 Oratio.

1049 379 1240 463 DEus,
1271 380 1346 434 qui
1389 378 1683 421 ineffabilibus
1720 391 1846 419 mun-

1163 438 1270 479 dum
1300 452 1488 479 renouas
1522 436 1804 478 sacramentis
1837 448 1846 477 ε

1041 495 1200 550 praesta
1241 496 1493 550 quaesumus
1527 509 1537 537 ι
1576 501 1624 536 vt
1665 492 1844 535 ecclesia

1042 560 1121 595 tua
1143 560 1187 596 et
1209 555 1386 595 aeternis
1408 553 1610 608 proficiat
1627 551 1847 600 institutis,

1042 618 1087 653 et
1115 612 1437 666 temporalibus
1466 625 1555 653 non
1586 609 1847 652 destituatur

1042 670 1222 724 auxilijs
1244 686 1252 712 :
1275 684 1362 724 per.

1098 758 1266 814 Septem
1278 759 1446 814 psalmi
1463 765 1514 801 vt
1520 758 1676 813 supra.

1042 853 1087 900 ΙΙ
1109 850 1309 894 Sabbata.
1339 864 1392 892 ex
1415 847 1590 903 Genefi⁰.
1630 845 1791 889 'Lec‘Zio
1805 846 1847 902 j.

1128 935 1206 978 Ost
1233 936 1345 977 duos
1371 949 1512 977 annos
1533 934 1646 976 vidit
1673 933 1846 975 Pharao

1156 994 1489 1035 somnium.‚.et
1529 993 1723 1035 velocius
1765 991 1845 1032 im-

1042 1051 1230 1107 pleatur.

1043 1161 1088 1208 (I
1112 1159 1186 1200 Ex
1204 1159 1397 1214 Epistola
1419 1156 1591 1201 Iacobi'.
1622 1158 1768 1199 Lemo
1788 1157 1846 1212 .ij.

1043 1247 1208 1329 AGite
1240 1261 1367 1297 nune,
1400 1247 1588 1312 diuites&
1613 1245 1842 1300 plorate...

1157 1304 1321 1359 operit⁸
1363 1305 1696 1346 multitudlnem
1744 1317 1843 1358 pec-

1042 1369 1253 1404 catorum.

1130 1507 1175 1554 (I
1199 1505 1433 1548 Dominz'ca
1453 1506 1504 1547 de
1524 1505 1730 1560 Pafflone.

1279 1596 1608 1639 Inuitatoriztm.

1086 1698 1162 1758 335)
1183 1686 1381 1728 Hristum
1401 1686 1486 1728 Dei
1505 1686 1656 1734 filium,
1675 1687 1750 1741 qui
1774 1686 1847 1728 sua

1071 1769 1079 1777 «-
1102 1742 1160 1778 ’²³³
1209 1759 1290 1786 nos
1345 1745 1540 1799 pasfione
1595 1745 1784 1786 redemit
1838 1760 1847 1786 :

1044 1804 1192 1845 venite
1233 1804 1479 1844 adoremus.
1542 1802 1638 1844 Hoc
1675 1802 1847 1844 Inuita-

1044 1861 1205 1904 terium
1218 1875 1313 1902 cum
1329 1860 1503 1914 hymnis
1517 1861 1667 1914 Pange
1685 1861 1847 1915 lingua.

1044 1920 1127 1961 Ad
1156 1918 1421 1961 matutinum
1451 1925 1493 1960 et
1520 1918 1701 1961 Vexilla
1733 1920 1847 1973 regis

1045 1978 1109 2019 ad
1145 1977 1337 2031 vesperas
1375 1977 1584 2018 dicuntur
1623 1977 1751 2030 vsque
1788 1977 1852 2018 ad

1033 2035 1207 2089 feriam
1249 2047 1299 2076 .v.
1342 2034 1388 2075 in
1428 2048 1542 2075 coena
1571 2034 1743 2076 domini
1779 2049 1848 2076 ex-

1045 2093 1198 2146 cltfiue
1225 2092 1270 2133 in
1299 2092 1527 2133 dominicis
1549 2098 1591 2132 et
1606 2093 1747 2146 ferijs
1767 2093 1849 2147 nesi

1033 2151 1100 2204 fit
1146 2150 1362 2204 agendmm
1407 2149 1459 2191 de
1499 2150 1645 2204 aliquo
1682 2150 1846 2203 sanilo.

1047 2209 1261 2261 Hymnus.

1055 2265 1265 2348 PAnge
1288 2264 1439 2318 lingua
1453 2264 1623 2319 gloriosi
1642 2266 1847 2308 Praelium

1160 2324 1414 2364 certaminis
1440 2337 1448 2365 :
1473 2323 1532 2364 Et
1556 2323 1682 2378 super
1708 2326 1847 2366 crucis

1046 2381 1283 2435 tropheum
1328 2381 1412 2422 Dic
1453 2381 1727 2435 triumphum
1771 2397 1848 2424 no-

1047 2438 1181 2479 bilem
1204 2452 1212 2480 :
1232 2438 1434 2492 Qualiter
1455 2440 1710 2494 redemptor
1730 2441 1848 2482 orbis

1049 2496 1313 2538 Immolatus
1335 2497 1496 2538 vicerit.

1107 2554 1176 2595 De
1204 2555 1399 2608 parentis
1428 2554 1684 2609 protoplasti
1712 2557 1847 2598 Frau-

1047 2612 1103 2653 de
1146 2610 1263 2654 safta
1309 2613 1552 2654 condolens
1604 2630 1611 2655 :
1653 2613 1848 2668 Quando

1047 2671 1168 2724 pomi
1237 2670 1430 2711 noxialis
1497 2671 1644 2713 Morte
1705 2673 1847 2715 morsu

1046 2729 1210 2770 corruit
1244 2741 1253 2770 z
1288 2728 1386 2782 Ipse
1427 2728 1597 2782 lignum
1630 2736 1737 2772 tunc
1771 2745 1848 2772 no-

1046 2787 1171 2835 tauit,
1195 2786 1373 2828 Damna
1396 2786 1501 2841 ligni
1525 2794 1571 2829 vt
1595 2787 1790 2830 solueret.

1116 2911 1130 2934 ⁶
1156 2913 1221 2948 Ca.
1240 2922 1263 2956 4
1279 2914 1320 2947 in
1338 2925 1384 2948 m.
1404 2911 1466 2959 [iv.
1491 2912 1629 2960 1—17.]

1115 2959 1129 2979 ⁶
1154 2960 1220 2995 Ca.
1239 2970 1279 3003 41
1302 2961 1343 2995 in
1362 2972 1407 2995 m.
1427 2958 1500 3006 [xli.
1527 2971 1588 2995 ¹—
1618 2960 1664 3007 2.]

1116 3005 1128 3027 ⁷
1156 3007 1220 3042 Ca„
1241 3015 1257 3052 5
1277 3008 1318 3042 in
1337 3018 1383 3041 m.
1402 3006 1450 3054 [v.
1475 3017 1487 3043 1
1507 3029 1528 3034 -
1542 3018 1595 3043 20.

1116 3052 1129 3074 ⁸
1154 3054 1294 3099 operiet
1312 3066 1318 3088 :
1342 3055 1378 3090 P.
1399 3055 1442 3090 A.
