2066 3392
265 187 344 237 148

261 277 358 319 abis
380 278 466 320 fine
489 279 609 321 filio?
646 294 735 334 quo
758 281 956 324 sacerdos
979 284 1066 326 fine

263 335 429 378 leuita?
462 337 628 390 Xystus
650 345 799 380 autem
823 340 941 382 bono
964 356 1064 384 eum

262 394 414 436 animo
454 396 539 436 esse
584 396 718 447 iubet,
759 403 803 438 et
847 412 947 452 quae
989 400 1065 442 sibi

262 453 506 494 mandasset
528 453 746 507 perficere.
770 469 871 496 nam
895 457 998 508 sore,
1018 465 1066 500 vt

261 509 303 549 se
324 510 419 563 post
441 512 635 552 triduum
659 512 918 566 sequeretur.
983 515 1064 557 Ille

259 581 364 608 vero
400 568 487 608 iam
530 569 571 610 se
611 569 836 611 thesauros
873 572 1063 614 ecclesiae

260 626 529 679 pauperibus
551 627 808 669 distribuisse
828 629 1062 683 respondit.

260 683 518 724 Praetoriani
553 699 683 738 porro
716 686 878 727 milites
909 689 1062 730 audito

258 742 438 782 nomine
509 742 698 783 thesauri
770 744 1060 787 Laurentium

257 805 438 852 captum
481 800 537 840 ad
581 801 881 842 Parthemium
924 804 1062 845 tribu-

257 870 363 897 num
386 858 625 899 adducunt.
671 859 829 912 Itaque
849 860 955 901 iussu
979 862 1058 902 im-

255 916 471 967 peratoris
499 916 764 957 Laurentius
786 919 1059 971 torquendus

255 972 494 1013 Valeriano
511 974 710 1025 traditur,
727 975 868 1016 donec
886 976 1058 1018 thesau-

255 1044 351 1070 rum
374 1032 544 1084 prodat.
608 1031 697 1085 Qui
725 1034 832 1073 dum
857 1034 913 1074 ab
942 1034 1056 1089 Hip-

253 1087 409 1141 polyto
455 1089 498 1129 in
542 1103 714 1130 carcere
755 1091 1055 1143 custodiretur,

252 1159 340 1186 non
359 1147 550 1187 cessabat
571 1148 888 1200 praedicatione
905 1164 955 1191 ac
975 1152 1056 1191 mi-

252 1203 409 1244 raculis
441 1205 571 1245 editis
601 1205 757 1247 Christi
790 1206 922 1248 fidem
955 1222 1054 1261 pro-

250 1275 428 1315 pagare.
491 1263 609 1303 Nam
648 1263 838 1305 Lucillio
875 1267 1051 1307 cuidam

250 1321 323 1372 qui
366 1320 583 1373 plorando
620 1321 663 1362 in
702 1336 874 1363 carcere
910 1323 1052 1366 fuerat

248 1377 511 1428 obcaecatus,
544 1380 739 1420 credenti
776 1380 913 1421 visum
952 1396 1050 1435 pro-

250 1435 372 1484 misit,
393 1450 443 1476 ac
464 1450 543 1489 per
563 1436 831 1490 baptismum
855 1439 1049 1482 restituit.

250 1493 640 1547 Hippolytumque
663 1495 801 1548 ipsum
825 1510 924 1536 cum
943 1499 1048 1540 xix,

247 1551 340 1591 eius
358 1551 537 1592 familiae
559 1552 814 1593 hominibus
832 1555 888 1595 ad
909 1555 1048 1596 Chris-

246 1615 341 1649 tum
360 1610 588 1650 conuertit.
634 1609 879 1652 Produ6hi5
897 1619 1046 1654 autem

245 1673 293 1707 vt
329 1666 554 1708 thesauros
586 1669 804 1721 proderet,
835 1669 1047 1723 ipsorum-

243 1737 330 1777 que
372 1725 575 1766 redderet
615 1726 832 1767 rationem
877 1743 885 1767 :
925 1729 1045 1781 quod

245 1780 410 1823 fa&um
434 1789 526 1824 erat
548 1784 763 1837 exposuit,
785 1784 914 1838 seque
937 1799 1046 1839 pau-

243 1840 421 1892 peribus
480 1841 606 1894 Xysti
669 1843 943 1892 mandatum,
1000 1850 1045 1885 et

244 1897 401 1939 Christi
424 1897 671 1939 doetrinam
695 1899 888 1941 secutum
907 1901 1045 1942 distri-

242 1955 389 1996 buisse.
451 1956 588 1997 Tum¹
620 1971 723 1998 vero
755 1958 877 1998 simul
912 1973 1043 2013 prop-

241 2019 308 2054 ter
349 2013 601 2055 distributos
642 2015 879 2067 thesauros,
920 2016 1042 2058 simul

241 2078 421 2124 propter
430 2071 586 2114 Christi
600 2073 920 2124 confessionem,
932 2074 1041 2115 scor-

240 2130 446 2182 pionibus
475 2131 679 2183 primum,
705 2131 867 2172 deinde
894 2133 1040 2186 virgis,

239 2193 334 2227 tum
357 2188 598 2241 plumbatis
616 2188 800 2243 flagellis
819 2189 1041 2232 saeuissime

238 2246 434 2287 caeditur.
504 2245 676 2300 Quibus
733 2247 1040 2300 patientissime

237 2302 434 2344 toleratis
460 2317 560 2344 cum
588 2302 613 2344 a
643 2304 729 2345 fide
762 2305 917 2346 Christi
951 2319 1038 2347 non

236 2361 376 2413 posset
424 2362 575 2410 auerti,
621 2361 771 2403 ferreae
817 2364 1038 2405 craticulae

236 2418 442 2471 alligatus
474 2420 731 2461 ardentibus
767 2422 918 2473 prunis
955 2422 1032 2462 im-

235 2477 424 2528 ponitur,
447 2483 492 2518 et
520 2476 640 2518 lento
663 2477 764 2531 igne
786 2478 1037 2520 constantis-

235 2533 364 2574 simus
387 2535 430 2574 in
461 2534 547 2576 fide
569 2541 769 2584 torretur,
791 2536 932 2577 donec
955 2537 1037 2590 spi-

235 2591 367 2632 ritum
386 2592 524 2633 emisit
543 2599 701 2646 quarto
719 2594 817 2634 idus
834 2593 1033 2648 Augusti.

235 2649 370 2690 Cuius
393 2663 551 2703 corpus
574 2651 686 2691 circa
708 2651 860 2692 vrbem
891 2653 933 2692 in
963 2653 1035 2693 via

233 2707 485 2760 Tyburtina
538 2707 815 2761 Hippolytus
863 2711 1032 2751 curauit

232 2764 541 2817 sepeliendum,
570 2766 612 2805 in
646 2767 798 2819 predio
831 2767 1030 2820 Cyriacae

231 2823 387 2871 viduae,
436 2837 570 2875 quam
622 2824 694 2864 ille
746 2823 771 2864 a
822 2825 1031 2866 diuturno

229 2879 385 2920 morbo
408 2879 680 2923 liberauerat.

299 2981 309 3002 1
337 2981 443 3016 Tunc
468 2993 475 3016 :
494 2982 537 3016 R.
556 2983 593 3016 P.
611 2983 654 3017 A.

297 3026 311 3048 ²
337 3028 396 3062 (lie
419 3038 456 3062 12
477 3029 517 3063 in
536 3040 581 3064 m.

961 207 992 238 A
1002 207 1066 239 UG
1072 208 1131 242 US
1135 211 1169 243 T
1169 212 1228 245 US
1229 237 1236 245 .

1350 315 1395 361 CI
1432 313 1566 357 Clara
1597 317 1730 373 virgo.

1404 414 1550 459 Lec‘Zz'o
1579 417 1675 473 .izj2.

1136 501 1330 584 CLara
1356 504 1478 558 virgo
1508 506 1766 550 san&issima
1797 509 1935 551 nobili

1241 560 1338 602 loco
1360 569 1466 604 nata
1486 564 1623 618 Assisij
1649 567 1786 620 (quod
1809 568 1934 622 oppi-

1132 616 1238 658 dum
1257 618 1316 659 est
1339 620 1382 660 in
1402 621 1605 677 Vmbria)
1625 624 1834 675 instituta,
1851 625 1935 666 dis-

1131 675 1363 728 ciplinam³
1377 678 1494 720 beati
1510 680 1725 722 Francisci
1745 682 1806 724 sui
1823 683 1932 724 ciuis

1130 732 1286 783 secuta,
1313 734 1474 777 relic‘fis
1506 740 1742 782 mundanis
1771 741 1932 795 opibus

1129 791 1365 846 collegium
1398 795 1582 838 instituit
1609 811 1854 852 pauperum
1885 806 1931 841 et

1127 849 1424 902 religiosarum
1485 854 1766 897 foeminarum
1827 870 1928 898 cum

1127 908 1287 960 quibus
1309 912 1472 952 receffit
1498 911 1540 952 in
1563 913 1786 954 ecclesiam
1807 914 1928 956 beati

1127 965 1349 1009 Damiani.
1419 969 1507 1010 Vbi
1558 971 1747 1012 mirabili
1797 972 1926 1026 parsi-

1126 1025 1275 1065 monia
1296 1032 1341 1066 et
1370 1025 1600 1070 sanGtitate
1621 1030 1758 1070 vitam
1787 1030 1927 1083 quad·
1995 1048 1998 1051 ·

1125 1083 1297 1135 raginta
1314 1084 1501 1126 duorum
1520 1100 1736 1128 annorum
1754 1088 1925 1142 peregit

1125 1140 1279 1182 multis
1326 1143 1459 1184 etiam
1511 1146 1641 1186 editis
1691 1145 1925 1189 miraculis.

1125 1197 1325 1250 Quorum
1358 1200 1465 1242 illud
1495 1202 1663 1244 silentio
1691 1217 1779 1244 non
1811 1218 1924 1258 prae-

1121 1257 1360 1299 teribimus.
1424 1260 1557 1314 Quod
1589 1275 1690 1302 cum
1721 1267 1923 1315 tempore

1122 1314 1320 1357 Federici
1367 1317 1656 1371 imperatoris,
1701 1318 1922 1371 Saraceni,

1119 1374 1193 1426 qui
1228 1374 1406 1416 Italiam
1436 1377 1694 1427 inuaserant,
1719 1377 1919 1420 Assisium

1118 1431 1376 1482 obsiderent,
1424 1440 1468 1475 et
1515 1435 1654 1488 ipsum
1697 1436 1919 1490 virginum

1120 1490 1430 1532 monasterium
1448 1500 1769 1547 oppugnarent,
1788 1494 1920 1536 Clara
1995 1523 2002 1527 x

1118 1546 1221 1589 licet
1238 1554 1458 1601 aegrotans
1471 1551 1527 1590 ad
1545 1557 1720 1604 portam
1739 1551 1780 1593 se
1797 1552 1918 1594 iubet

1116 1606 1337 1661 deportari
1361 1608 1404 1648 in
1426 1607 1615 1649 hostium
1633 1608 1916 1663 conspeffitum

1116 1677 1217 1705 cum
1254 1664 1429 1718 capsula
1464 1679 1553 1719 qua
1594 1667 1915 1709 sacramentum

1115 1722 1384 1763 eucharistiae
1454 1724 1775 1775 continebatur,
1839 1726 1915 1767 vbi

1114 1779 1229 1821 hanc
1289 1794 1390 1821 cum
1455 1781 1693 1836 lachrymis
1753 1784 1914 1825 oratio-

1114 1851 1215 1878 nem
1238 1838 1404 1880 effudit.
1465 1839 1535 1880 Ne
1563 1841 1712 1881 tradas
1733 1842 1915 1883 domine

1113 1895 1260 1948 bestijs
1306 1897 1476 1938 animas
1518 1898 1779 1940 confitentes
1820 1900 1913 1950 tibi,

1113 1959 1157 1994 et
1174 1954 1340 1995 custodi
1362 1954 1550 1997 famulas
1567 1961 1666 1997 tuas
1683 1970 1793 2010 quas
1813 1971 1914 2012 pre-

1112 2012 1226 2052 cioso
1272 2012 1482 2066 sanguine
1527 2014 1756 2056 redemisti.
1827 2016 1910 2058 Cui

1111 2084 1202 2110 vox
1238 2071 1294 2111 de
1330 2071 1444 2112 coelo
1485 2073 1659 2114 reddita
1700 2073 1772 2123 est,
1809 2074 1910 2127 Ego

1110 2142 1189 2168 vos
1231 2128 1399 2182 semper
1435 2130 1689 2172 custodiam.
1751 2131 1910 2185 Itaque

1110 2186 1320 2228 Saraceni
1350 2186 1492 2229 subito
1519 2194 1684 2230 terrore
1711 2191 1907 2243 quodam

1107 2245 1302 2298 perculsi,
1334 2245 1605 2287 obsidionem
1642 2246 1828 2297 soluunt‚
1863 2254 1908 2290 et

1106 2302 1182 2355 qui
1219 2317 1367 2344 muros
1397 2304 1681 2346 ascenderant
1707 2305 1909 2347 caecitate

1106 2360 1318 2413 percussi⁴,
1337 2362 1607 2404 deciderunt.
1652 2362 1789 2404 Paulo
1802 2377 1906 2405 vero

1106 2418 1202 2472 post
1225 2419 1380 2461 morbo
1403 2420 1733 2472 ingrauescente
1749 2421 1904 2463 decem

1106 2483 1150 2518 et
1182 2476 1348 2529 septem
1380 2478 1537 2518 diebus
1568 2478 1655 2519 sine
1684 2477 1774 2519 vllo
1805 2479 1905 2520 cibo

1105 2533 1293 2589 peractis
1330 2536 1538 2588 migrauit
1578 2536 1633 2576 ad
1671 2536 1902 2578 dominum

1103 2593 1243 2646 pridie
1266 2593 1364 2634 idus
1383 2593 1585 2646 Augusti.
1605 2599 1807 2647 tempore
1830 2595 1904 2636 In-

1103 2650 1296 2703 nocentij
1313 2651 1469 2704 quarti.
1506 2650 1595 2704 Qui
1609 2657 1901 2704 aegrotantem

1103 2709 1257 2757 inuifit,
1271 2715 1315 2749 et
1337 2709 1640 2749 eucharistiam
1658 2708 1718 2750 est
1740 2709 1903 2764 impar-

1102 2767 1219 2807 titus.
1302 2765 1449 2819 Quam
1501 2766 1766 2807 Alexander
1814 2767 1901 2821 .iiij.

1100 2838 1218 2865 anno
1250 2824 1417 2865 domini
1450 2824 1642 2865 .M.cc.lv.
1672 2824 1820 2866 retulit
1856 2826 1899 2866 in

1101 2895 1333 2923 numerum
1358 2880 1603 2923 sanctarum
1626 2882 1858 2935 virginum.

1171 2984 1184 3005 ³
1209 2984 1515 3030 disciplinamque
1538 2995 1546 3019 ;
1565 2983 1608 3019 R.
1627 2985 1666 3019 P.
1680 2983 1724 3018 A.

1169 3031 1182 3052 ⁴¹
1207 3032 1370 3076 perclussi
1396 3043 1402 3066 :
1424 3032 1541 3076 Rfic.
1591 3031 1743 3075 perculsi
1768 3043 1775 3066 :
1796 3032 1833 3066 P.
1853 3032 1897 3067 A.
