2066 3392
941 233 1033 275 xvii

297 790 416 832 Ante
445 789 756 844 Proefationem
787 787 1025 830 editionum
1059 801 1174 829 anno
1205 786 1393 829 Domini
1427 787 1537 841 1536
1566 783 1759 839 Parisiis

213 858 506 914 impreffarum
529 859 781 913 z'nstruntur
797 857 884 899 laec
901 855 1165 910 Priuilegz‘a.

752 985 797 1031 (I
823 982 984 1024 Paulus
1006 995 1124 1036 papa
1144 980 1213 1035 .iij.

222 1072 570 1173 [RTEatiffime
598 1087 735 1135 pater,
761 1080 977 1135 supplicat
1005 1078 1233 1121 humiliter
1263 1078 1306 1121 S.
1337 1078 1392 1122 V.
1421 1078 1611 1120 deuotus
1640 1078 1756 1119 illius

253 1145 278 1173 ἶ
373 1158 523 1194 orator
570 1150 785 1193 Galeotus
831 1150 892 1192 du
943 1149 1026 1191 Pre
1074 1154 1293 1190 mercator
1339 1148 1541 1190 librarius
1589 1149 1758 1189 iuratus

210 1221 500 1264 vniuerfitatis
538 1219 780 1261 Parifienfis
815 1224 1036 1273 quatenus
1072 1217 1148 1259 fibi
1186 1217 1420 1272 specialem
1461 1217 1652 1271 gratiam
1693 1217 1758 1258 fa-

211 1291 366 1333 cientis
406 1296 454 1331 vt
495 1289 655 1331 librum
697 1288 899 1330 ordinem
940 1287 1192 1330 diuinorum
1229 1287 1475 1328 officiorum
1517 1286 1756 1328 secundum

211 1360 332 1403 vsum
366 1359 571 1401 Romane
602 1358 778 1400 ecclefie
813 1357 989 1400 nouiter
1023 1357 1206 1407 editum,
1239 1371 1291 1399 ac
1326 1357 1644 1399 breuiariorum
1682 1356 1757 1398 de·

211 1429 337 1484 super
370 1430 427 1471 de
463 1429 641 1470 licentia
678 1427 724 1470 S.
761 1427 817 1469 V.
855 1426 1160 1481 impressorum
1197 1426 1386 1468 formam
1427 1426 1756 1468 recitandorum

211 1498 427 1540 rationem
471 1497 547 1538 sex
587 1509 806 1538 annorum
848 1496 893 1537 in
942 1495 983 1536 se
1031 1495 1347 1545 continentem,
1389 1508 1502 1549 opus
1549 1494 1757 1536 omnibus

210 1566 403 1620 personis
434 1565 727 1608 ecclefiasticis
758 1562 929 1606 di&um
959 1564 1082 1606 vsum
1111 1563 1342 1605 obseruare
1370 1562 1622 1605 volentibus
1650 1562 1757 1605 vtile

212 1641 257 1677 et
291 1634 422 1677 valde
462 1635 746 1677 necessarium
788 1635 1040 1689 imprimere
1069 1633 1139 1676 vel
1173 1633 1368 1688 imprimi
1404 1633 1559 1683 facere,
1599 1639 1645 1675 et
1676 1634 1757 1675 im-

213 1703 400 1759 pressum
441 1703 485 1745 in
527 1717 665 1758 regno
717 1703 903 1745 Francie
954 1709 998 1745 et
1046 1702 1173 1744 terris
1225 1702 1583 1745 Christianisfimo
1621 1703 1757 1744 Fran-

211 1786 362 1815 corum
386 1773 500 1828 Regi
522 1771 726 1815 subiectis
746 1773 1001 1815 venundare
1023 1772 1158 1814 libere
1178 1778 1223 1814 et
1244 1771 1363 1814 licite
1383 1773 1511 1827 possit
1531 1772 1756 1814 licentiam

212 1849 258 1885 et
290 1842 546 1885 facultatem
582 1843 826 1884 concedere
862 1848 906 1884 et
942 1841 1183 1896 indulgere.
1245 1841 1425 1884 Irritum
1461 1856 1640 1897 quoque
1675 1849 1755 1884 etc.

213 1912 445 1955 decernere
471 1913 717 1967 dignemini
746 1913 804 1954 de
836 1912 980 1967 gratia
1014 1911 1189 1966 speciali
1222 1925 1311 1954 non
1345 1911 1620 1954 obstantibus
1653 1926 1758 1954 con-

214 1981 511 2026 stitutionibus
532 1990 577 2026 et
598 1983 954 2025 ordinationibus
975 1981 1239 2037 apostolicis,
1259 1981 1500 2036 ceterisque
1525 1981 1757 2036 contrarijs

213 2051 542 2107 quibuscunque
562 2065 663 2094 cum
685 2052 888 2094 clausulis
909 2052 1182 2107 opportunis.

746 2139 847 2182 Fiat
867 2145 916 2182 vt
937 2138 1113 2194 petitur.
1163 2137 1221 2181 A.

302 2283 362 2326 Et
389 2283 514 2325 litere
542 2297 621 2338 per
649 2283 783 2325 breue
818 2282 862 2325 S.
890 2283 943 2326 V.
972 2281 1043 2324 vel
1071 2281 1346 2324 audientiam
1380 2277 1756 2322 contradi&arum

214 2352 415 2407 expediri
437 2353 606 2407 poffint.

870 2409 980 2451 Fiat.
1032 2408 1088 2451 A.

302 2554 471 2597 Datum
515 2554 661 2596 Rome
701 2552 821 2608 apud
866 2550 1062 2595 sanetum
1107 2551 1287 2594 Petrum
1329 2549 1487 2605 quinto
1533 2549 1758 2594 Calendas

218 2623 439 2678 Februarij
464 2637 582 2665 anno
605 2622 806 2665 secundo.
