2066 3392
239 178 320 218 140

234 256 436 300 antonio¹
476 258 596 300 Vero
638 259 842 314 pontifex
891 258 1034 302 fastus

234 316 306 358 est.
370 317 458 357 Hic
486 331 667 370 poenam
690 317 838 360 statuit
867 318 931 371 ijs,
959 319 1034 372 qui

236 374 511 428 negligenter
551 375 707 418 Christi
759 389 918 431 corpus
958 383 1036 418 aut

236 431 491 486 sanguinem
529 432 827 475 attrtharent.
890 435 1036 475 Poeni-

234 491 422 531 tentiam
483 491 718 545 (inquiens)
775 498 912 545 agant
972 491 1032 533 xl.

234 548 390 589 diebus
440 562 628 601 quorum
672 548 941 602 negligentia
989 550 1032 590 in

234 612 394 646 terram
419 606 585 659 aliquid
612 607 835 648 deciderit.
858 607 886 647 fi
909 607 1035 660 super

234 663 373 704 altare
422 663 561 704 tribus
611 664 778 714 diebus,
829 665 857 705 si
909 665 1036 718 super

235 721 420 762 linteum
450 727 672 774 quattuor,
694 721 722 762 si
745 722 788 762 in
811 723 929 764 aliud
953 723 1035 763 lin-

234 785 355 819 teum
379 793 540 819 nouem
562 779 727 821 diebus.
770 780 1034 834 Vbicunque

234 837 452 886 ceciderit,
474 837 501 876 sl
531 837 663 891 recipi
691 837 843 891 potest,
866 838 1034 879 lamba-

234 901 317 943 tur,
358 894 416 935 sm
459 894 587 935 aliter
627 901 703 936 aut
744 895 924 946 lauetur,
956 902 1034 938 aut

235 954 424 1002 radatur,
443 951 584 993 lotum
600 959 643 994 et
661 953 801 994 rasum
819 960 896 995 aut
914 968 1034 995 com-

234 1011 427 1059 buratur,
459 1017 536 1051 aut
568 1011 611 1051 in
644 1011 875 1053 sacrarium
907 1026 1033 1066 repo-

233 1075 374 1110 natur.
437 1068 632 1109 Demum
664 1070 736 1110 vbi
768 1084 826 1110 ex
857 1071 1035 1111 ordina-

233 1126 427 1167 tionibus
449 1127 644 1180 quinque
673 1127 818 1168 mense
845 1128 1035 1169 Decem-

232 1184 298 1224 bri
349 1183 513 1225 habitis
576 1184 856 1238 presbyteros
919 1186 1031 1228 .xix.

233 1243 443 1283 diaconos
509 1243 616 1296 .xxj,
683 1243 910 1297 episcopos
976 1259 1034 1285 .x.

233 1300 422 1350 creasset,
446 1301 630 1341 moritur
661 1307 705 1342 et
737 1301 780 1342 in
812 1302 1034 1343 Vaticano

234 1357 439 1411 sepelitur
468 1358 624 1412 quinto
657 1359 755 1400 idus
789 1358 904 1412 Iulij,
932 1374 1033 1401 cum

233 1415 402 1457 sedisset
442 1429 582 1457 annos
622 1416 699 1470 .xj.
738 1417 907 1459 menses
944 1418 1032 1471 .iiij.

233 1474 327 1514 dies
349 1473 415 1527 .iij.

234 1564 279 1610 ΙΙ
298 1560 338 1602 Α
347 1561 658 1615 nacletzcspapa
672 1568 851 1615 martyr.
892 1562 1038 1604 Lec‘lio

557 1619 716 1661 tertz‘a2.

236 1687 512 1771 ANacletus
534 1702 652 1742 papa
670 1689 850 1729 natione
866 1703 1036 1742 graecus

355 1746 499 1799 patria
539 1746 813 1795 atheniensis,
856 1747 1035 1787 Traiani

235 1804 511 1857 temporibus
557 1804 777 1845 Clementi
819 1803 1035 1853 suffeEtus,

234 1867 282 1902 vt
333 1861 523 1902 honestis
575 1862 782 1903 institutis
832 1862 1035 1903 homines

235 1918 542 1960 ecclefiasticos
576 1919 796 1968 formaret,
831 1920 928 1973 lege
965 1934 1037 1961 ve-

235 1978 332 2023 tuit,
361 1991 416 2018 ne
444 1977 672 2031 episcopus
702 1992 727 2018 a
756 1978 1036 2031 paucioribus

236 2049 370 2088 quam
402 2049 428 2075 a
459 2035 600 2076 tribus
632 2035 846 2088 episcopis
888 2036 1034 2077 initia-

236 2099 367 2134 retur.
415 2092 486 2134 Ac
508 2099 556 2134 vt
578 2093 722 2134 clerici
740 2094 928 2146 publice,
946 2107 1035 2134 non

235 2151 443 2204 priuatim
466 2152 522 2192 ad
546 2151 686 2192 sacros
708 2152 885 2192 ordines
914 2151 1035 2192 ascis-

237 2215 448 2250 cerentur.
492 2209 714 2251 Omnibus
732 2223 909 2262 quoque
932 2209 1038 2250 fide-

237 2267 351 2307 libus
384 2267 607 2320 praecepit,
640 2273 687 2307 vt
721 2266 901 2320 pera&a
932 2281 1036 2308 con-

236 2324 474 2365 secratione
503 2325 891 2374 communicarent,
914 2338 1034 2365 recu-

235 2382 377 2423 santes
414 2388 563 2422 autem
600 2382 656 2422 ab
687 2382 875 2436 ecclefijs
906 2382 1033 2436 eijce-

235 2446 394 2481 rentur.
478 2440 566 2480 Hic
617 2440 752 2481 etiam
803 2440 912 2489 loca,
961 2441 1034 2481 vbi

235 2497 421 2538 seorsum
478 2503 695 2550 martyres
751 2497 1036 2551 sepelirentur

234 2554 488 2608 designauit.
553 2555 634 2596 Per
666 2556 710 2596 id
748 2561 925 2609 tempus
954 2556 1032 2596 mi-

234 2626 330 2654 rum
373 2614 416 2653 in
459 2613 643 2653 modum
685 2613 947 2667 augescente
988 2627 1033 2654 re

234 2670 475 2712 christiana.
561 2670 779 2711 Traianus
829 2677 1033 2712 metuens

234 2742 289 2769 ne
340 2729 446 2782 quid
488 2728 746 2769 detrimenti
798 2728 1033 2782 imperium

234 2798 466 2827 romanum
504 2786 607 2826 inde
638 2791 825 2839 caperet,
858 2787 1033 2827 tertiam

234 2843 579 2899 persecutionem
598 2843 639 2883 in
659 2843 913 2885 christianos
931 2858 1034 2885 con·

305 2951 312 2972 ¹
343 2950 534 2985 Antonino
558 2963 564 2985 :
587 2952 628 2986 R.
652 2952 689 2986 P.

304 2998 317 3019 2
343 2998 402 3033 die
426 3007 474 3041 13.
496 2999 535 3031 in
555 3010 600 3032 m.

981 183 1165 216 IULIUS.

1105 262 1233 303 cessit.
1296 261 1399 316 Qua
1435 276 1535 304 cum
1573 263 1783 317 permulti
1821 262 1908 316 alij‚

1105 326 1201 360 tum
1244 320 1287 360 in
1330 321 1482 374 primis
1533 320 1622 374 ipse
1662 320 1909 362 Anacletus

1106 378 1320 431 martyrio
1380 385 1615 420 coronatur
1675 379 1747 432 .iij.
1809 378 1908 420 idus

1107 434 1221 488 Iulij.
1267 435 1393 477 Sedit
1415 450 1557 477 annos
1576 449 1739 477 nouem
1757 451 1765 477 :
1783 449 1906 477 men-

1106 492 1169 533 ses
1191 492 1243 546 .ij.
1267 494 1361 534 dies
1383 494 1550 536 decem.

1105 585 1150 630 11
1193 582 1503 624 Bonauentura
1537 583 1778 624 cardinalis
1815 597 1909 625 con-

1239 641 1384 694 feffor.
1444 641 1587 682 Lemo
1608 640 1769 683 tertia³.

1179 720 1354 763 Αηξὶυε
1383 721 1696 763 Bonauentura
1726 722 1907 764 natione

1196 779 1340 821 tuscus
1357 780 1401 820 in
1418 780 1584 834 oppido
1602 779 1768 821 Balneo
1785 781 1907 833 regio

1105 837 1243 878 nobili
1279 851 1440 891 genere
1482 844 1624 887 natus,
1659 851 1777 878 anno
1818 838 1904 879 suae

1103 896 1250 936 aetatis
1293 896 1465 937 circiter
1503 895 1904 949 vigefimosecundo

1103 953 1362 1007 religionem
1384 954 1502 994 beati
1531 953 1746 994 Francisci
1770 953 1905 995 susce-

1103 1012 1182 1064 pit.
1234 1011 1294 1052 Et
1315 1011 1458 1052 studio
1481 1011 1705 1052 literarum
1726 1012 1904 1052 deditus

1102 1068 1369 1110 Alexandro
1409 1070 1466 1110 de
1501 1069 1611 1110 Ales
1648 1075 1906 1124 preceptore

1103 1133 1278 1168 tantum
1309 1126 1507 1181 profecit,
1527 1133 1575 1168 vt
1604 1127 1790 1180 septimo
1821 1126 1905 1167 sus-

1104 1191 1246 1238 ceptae
1268 1185 1491 1238 religionis
1513 1198 1630 1226 anno
1652 1186 1696 1225 in
1717 1198 1904 1238 gymna-

1103 1242 1162 1283 slo
1184 1242 1399 1296 parisiensi
1427 1242 1602 1297 publice
1631 1242 1790 1283 librum
1812 1242 1905 1284 sen-

1104 1301 1344 1342 tentiarum
1407 1301 1780 1354 interpretaretur.
1838 1301 1905 1341 vir

1103 1358 1284 1399 summae
1307 1358 1663 1409 mansuetudinis,
1679 1372 1730 1399 ac
1752 1355 1907 1399 saneti-

1102 1416 1219 1458 tatis.
1279 1416 1417 1458 Anno
1444 1430 1548 1457 vero
1575 1417 1706 1457 tertio
1731 1416 1905 1458 decimo

1104 1488 1238 1528 quam
1314 1474 1556 1528 susceperat
1635 1473 1904 1528 religionem,

1104 1538 1276 1573 creatus
1293 1532 1353 1573 est
1370 1533 1507 1573 totius
1524 1532 1690 1573 ordinis
1712 1531 1906 1573 minister

1103 1589 1330 1642 generalis.
1366 1589 1498 1643 Quod
1515 1603 1674 1631 munus
1689 1589 1906 1644 sapienter

1104 1647 1462 1696 administrando,
1487 1648 1703 1688 summam
1726 1647 1786 1688 est
1808 1647 1902 1688 lau-

1104 1706 1206 1746 dem
1229 1705 1498 1755 consecutus,
1520 1719 1607 1746 non
1638 1705 1776 1746 solum
1798 1706 1903 1746 doc-

1104 1764 1231 1803 trinae
1260 1769 1304 1804 et
1333 1761 1643 1812 san&imoniae‚
1665 1763 1737 1804 sed
1767 1764 1902 1804 etiam

1103 1821 1268 1874 ingenij
1322 1827 1366 1862 et
1415 1821 1707 1863 dexteritatis.
1799 1820 1902 1875 Qua

1104 1879 1223 1919 sama
1275 1877 1444 1928 du&us‚
1499 1879 1737 1932 Gregorius
1784 1893 1902 1933 papa

1103 1936 1164 1990 xj.
1187 1936 1456 1977 cardinalem
1486 1936 1625 1990 ipsum
1661 1943 1705 1978 et
1738 1936 1902 1990 episco-

1103 2008 1210 2048 pum
1230 1994 1512 2036 albanensem
1534 1995 1711 2035 creauit.
1758 1995 1903 2036 Multa

1103 2053 1173 2093 hic
1205 2066 1339 2106 opera
1370 2050 1610 2093 dodisfime
1641 2052 1900 2107 conscripsit,

1103 2124 1204 2164 quae
1234 2111 1416 2163 longum
1449 2110 1553 2150 esset
1589 2110 1818 2151 recensere.
1857 2111 1900 2152 in

1103 2168 1338 2222 primisque
1368 2168 1649 2211 eruditissima
1677 2182 1901 2210 commen-

1103 2226 1214 2267 taria
1231 2227 1273 2266 in
1288 2232 1498 2279 quattuor
1511 2226 1644 2267 libros
1667 2225 1901 2267 sententia-

1101 2298 1210 2325 rum.
1265 2283 1392 2336 Obijt
1414 2290 1563 2325 autem
1583 2284 1792 2337 Lugduni
1815 2290 1903 2325 ter-

1102 2343 1164 2383 tio
1179 2342 1277 2383 idus
1294 2341 1659 2395 Iulij‚claruitque
1670 2341 1900 2383 miraculis.

1102 2399 1404 2454 Quamobrem
1420 2398 1446 2440 a
1462 2399 1601 2453 Xysto
1615 2413 1732 2453 papa
1745 2406 1903 2454 quarto

1101 2471 1218 2498 anno
1240 2458 1408 2498 domini
1428 2456 1766 2510 M.cccc.lxxxij.
1790 2458 1904 2499 inter

1103 2513 1276 2556 san&os
1298 2514 1358 2556 est
1381 2514 1554 2556 relatus.

1141 2605 1185 2650 (I
1212 2601 1496 2655 Symphorosa
1515 2615 1612 2642 cum
1634 2600 1724 2655 vg'j.
1734 2601 1855 2656 fllg'yk

1160 2658 1440 2712 martyribus,
1501 2658 1649 2700 Lemo
1671 2659 1830 2702 tertia⁴.

1103 2727 1337 2811 TYbure
1368 2727 1668 2781 Symphorosa
1699 2734 1902 2770 matrona

1215 2783 1473 2826 sanffiffima
1501 2799 1614 2826 vxor
1641 2785 1723 2826 fuit
1752 2785 1901 2827 Getuli

1105 2843 1310 2897 martyris
1333 2857 1391 2884 ex
1414 2857 1502 2896 quo
1520 2842 1684 2897 septem
1709 2842 1821 2884 filios
1843 2845 1899 2886 ad

1178 2951 1192 2972 ³
1217 2951 1277 2986 die
1299 2960 1350 2993 14.
1371 2951 1411 2985 in
1431 2962 1477 2985 m.

1178 2997 1191 3019 ⁴
1218 2998 1278 3034 die
1301 2999 1341 3033 18
1360 2999 1400 3032 in
1420 3009 1465 3032 m.
