<?xml version="1.0" encoding="UTF-8"?>
<!DOCTYPE html PUBLIC "-//W3C//DTD XHTML 1.0 Transitional//EN"
    "http://www.w3.org/TR/xhtml1/DTD/xhtml1-transitional.dtd">
<html xmlns="http://www.w3.org/1999/xhtml" xml:lang="en" lang="en">
 <head>
  <title>
</title>
<meta http-equiv="Content-Type" content="text/html;charset=utf-8" />
  <meta name='ocr-system' content='tesseract 3.04.00' />
  <meta name='ocr-capabilities' content='ocr_page ocr_carea ocr_par ocr_line ocrx_word'/>
</head>
<body>
  <div class='ocr_page' id='page_1' title='image "./breviariumromanu00quiuoft/breviariumromanu00quiuoft_0080.png"; bbox 0 0 2066 3392; ppageno 0'>
   <div class='ocr_carea' id='block_1_1' title="bbox 195 263 250 294">
    <p class='ocr_par' dir='ltr' id='par_1_1' title="bbox 195 263 250 294">
     <span class='ocr_line' id='line_1_1' title="bbox 195 263 250 294; baseline 0.055 -3"><span class='ocrx_word' id='word_1_1' title='bbox 195 263 250 294; x_wconf 88' lang='grc'><strong>20</strong></span> 
     </span>
    </p>
   </div>
   <div class='ocr_carea' id='block_1_2' title="bbox 184 343 997 2534">
    <p class='ocr_par' dir='ltr' id='par_1_2' title="bbox 194 343 996 502">
     <span class='ocr_line' id='line_1_2' title="bbox 194 343 993 398; baseline 0 -13"><span class='ocrx_word' id='word_1_2' title='bbox 194 355 552 398; x_wconf 69' lang='lat' dir='ltr'><strong>praeoccupemus</strong></span> <span class='ocrx_word' id='word_1_3' title='bbox 595 343 773 386; x_wconf 85' lang='lat' dir='ltr'><strong>faciem¹</strong></span> <span class='ocrx_word' id='word_1_4' title='bbox 816 346 909 386; x_wconf 90' lang='lat' dir='ltr'><strong>eius</strong></span> <span class='ocrx_word' id='word_1_5' title='bbox 951 345 993 386; x_wconf 91' lang='lat' dir='ltr'><strong>in</strong></span> 
     </span>
     <span class='ocr_line' id='line_1_3' title="bbox 195 402 996 457; baseline 0.001 -15"><span class='ocrx_word' id='word_1_6' title='bbox 195 402 456 444; x_wconf 84' lang='lat' dir='ltr'><strong>confeffione</strong></span> <span class='ocrx_word' id='word_1_7' title='bbox 488 419 496 444; x_wconf 72' lang='grc' dir='ltr'>ε</span> <span class='ocrx_word' id='word_1_8' title='bbox 527 408 571 444; x_wconf 86' lang='lat' dir='ltr'><strong>et</strong></span> <span class='ocrx_word' id='word_1_9' title='bbox 602 403 646 443; x_wconf 88' lang='lat' dir='ltr'><strong>in</strong></span> <span class='ocrx_word' id='word_1_10' title='bbox 677 403 855 457; x_wconf 88' lang='lat' dir='ltr'><strong>psalmis</strong></span> <span class='ocrx_word' id='word_1_11' title='bbox 886 403 996 444; x_wconf 90' lang='lat' dir='ltr'><strong>iubi-</strong></span> 
     </span>
     <span class='ocr_line' id='line_1_4' title="bbox 195 459 407 502; baseline 0.014 -3"><span class='ocrx_word' id='word_1_12' title='bbox 195 459 337 500; x_wconf 89' lang='lat' dir='ltr'><strong>lemus</strong></span> <span class='ocrx_word' id='word_1_13' title='bbox 359 461 407 502; x_wconf 90' lang='lat' dir='ltr'><strong>ei.</strong></span> 
     </span>
    </p>

    <p class='ocr_par' dir='ltr' id='par_1_3' title="bbox 196 517 997 918">
     <span class='ocr_line' id='line_1_5' title="bbox 255 517 995 572; baseline 0 -14"><span class='ocrx_word' id='word_1_14' title='bbox 255 517 478 571; x_wconf 78' lang='lat' dir='ltr'><strong>Quoniam</strong></span> <span class='ocrx_word' id='word_1_15' title='bbox 521 518 630 559; x_wconf 88' lang='lat' dir='ltr'><strong>deus</strong></span> <span class='ocrx_word' id='word_1_16' title='bbox 678 531 867 572; x_wconf 87' lang='lat' dir='ltr'><strong>magnus</strong></span> <span class='ocrx_word' id='word_1_17' title='bbox 916 518 995 560; x_wconf 94' lang='lat' dir='ltr'><strong>do-</strong></span> 
     </span>
     <span class='ocr_line' id='line_1_6' title="bbox 198 574 997 630; baseline 0.001 -15"><span class='ocrx_word' id='word_1_18' title='bbox 198 574 342 616; x_wconf 89' lang='lat' dir='ltr'><strong>minus</strong></span> <span class='ocrx_word' id='word_1_19' title='bbox 388 591 396 617; x_wconf 91' lang='lat'>:</span> <span class='ocrx_word' id='word_1_20' title='bbox 436 582 480 617; x_wconf 87' lang='lat' dir='ltr'><strong>et</strong></span> <span class='ocrx_word' id='word_1_21' title='bbox 521 590 601 617; x_wconf 90' lang='lat' dir='ltr'><strong>rex</strong></span> <span class='ocrx_word' id='word_1_22' title='bbox 642 589 830 629; x_wconf 83' lang='lat' dir='ltr'><strong>magnus</strong></span> <span class='ocrx_word' id='word_1_23' title='bbox 872 575 997 630; x_wconf 85' lang='lat' dir='ltr'><strong>super</strong></span> 
     </span>
     <span class='ocr_line' id='line_1_7' title="bbox 197 634 996 687; baseline 0.003 -15"><span class='ocrx_word' id='word_1_24' title='bbox 197 645 352 674; x_wconf 89' lang='lat' dir='ltr'><strong>omnes</strong></span> <span class='ocrx_word' id='word_1_25' title='bbox 382 634 490 674; x_wconf 87' lang='lat' dir='ltr'><strong>deos</strong></span> <span class='ocrx_word' id='word_1_26' title='bbox 523 648 532 675; x_wconf 92' lang='lat'><strong>:</strong></span> <span class='ocrx_word' id='word_1_27' title='bbox 565 634 776 687; x_wconf 89' lang='lat' dir='ltr'><strong>quoniam</strong></span> <span class='ocrx_word' id='word_1_28' title='bbox 810 647 898 674; x_wconf 90' lang='lat' dir='ltr'><strong>non</strong></span> <span class='ocrx_word' id='word_1_29' title='bbox 932 647 996 674; x_wconf 89' lang='lat' dir='ltr'><strong>re-</strong></span> 
     </span>
     <span class='ocr_line' id='line_1_8' title="bbox 196 690 995 745; baseline 0.001 -14"><span class='ocrx_word' id='word_1_30' title='bbox 196 690 332 744; x_wconf 85' lang='lat' dir='ltr'><strong>pellet</strong></span> <span class='ocrx_word' id='word_1_31' title='bbox 367 691 575 732; x_wconf 88' lang='lat' dir='ltr'><strong>dominus</strong></span> <span class='ocrx_word' id='word_1_32' title='bbox 611 691 786 745; x_wconf 87' lang='lat' dir='ltr'><strong>plebem</strong></span> <span class='ocrx_word' id='word_1_33' title='bbox 824 691 944 732; x_wconf 89' lang='lat' dir='ltr'><strong>suam</strong></span> <span class='ocrx_word' id='word_1_34' title='bbox 987 706 995 731; x_wconf 94' lang='lat'><strong>:</strong></span> 
     </span>
     <span class='ocr_line' id='line_1_9' title="bbox 196 749 995 802; baseline 0.001 -14"><span class='ocrx_word' id='word_1_35' title='bbox 196 749 300 802; x_wconf 91' lang='lat' dir='ltr'><strong>quia</strong></span> <span class='ocrx_word' id='word_1_36' title='bbox 333 749 377 789; x_wconf 92' lang='lat' dir='ltr'><strong>in</strong></span> <span class='ocrx_word' id='word_1_37' title='bbox 414 763 548 790; x_wconf 90' lang='lat' dir='ltr'><strong>manu</strong></span> <span class='ocrx_word' id='word_1_38' title='bbox 585 750 677 790; x_wconf 86' lang='lat' dir='ltr'><strong>eius</strong></span> <span class='ocrx_word' id='word_1_39' title='bbox 711 749 808 790; x_wconf 91' lang='lat' dir='ltr'><strong>sunt</strong></span> <span class='ocrx_word' id='word_1_40' title='bbox 841 762 995 790; x_wconf 85' lang='lat' dir='ltr'><strong>omnes</strong></span> 
     </span>
     <span class='ocr_line' id='line_1_10' title="bbox 197 805 996 848; baseline 0.001 -2"><span class='ocrx_word' id='word_1_41' title='bbox 197 805 305 847; x_wconf 87' lang='lat' dir='ltr'><strong>fines</strong></span> <span class='ocrx_word' id='word_1_42' title='bbox 333 812 460 848; x_wconf 81' lang='lat' dir='ltr'><strong>terrae</strong></span> <span class='ocrx_word' id='word_1_43' title='bbox 482 822 491 847; x_wconf 88' lang='lat'>:</span> <span class='ocrx_word' id='word_1_44' title='bbox 513 813 557 848; x_wconf 89' lang='lat' dir='ltr'><strong>et</strong></span> <span class='ocrx_word' id='word_1_45' title='bbox 585 806 842 848; x_wconf 86' lang='lat' dir='ltr'><strong>altitudines</strong></span> <span class='ocrx_word' id='word_1_46' title='bbox 872 820 996 847; x_wconf 89' lang='lat' dir='ltr'><strong>mon-</strong></span> 
     </span>
     <span class='ocr_line' id='line_1_11' title="bbox 196 863 658 918; baseline 0.006 -15"><span class='ocrx_word' id='word_1_47' title='bbox 196 863 306 904; x_wconf 89' lang='lat' dir='ltr'><strong>tium</strong></span> <span class='ocrx_word' id='word_1_48' title='bbox 329 864 417 918; x_wconf 92' lang='lat' dir='ltr'><strong>ipse</strong></span> <span class='ocrx_word' id='word_1_49' title='bbox 438 864 658 918; x_wconf 89' lang='lat' dir='ltr'><strong>conspicit.</strong></span> 
     </span>
    </p>

    <p class='ocr_par' dir='ltr' id='par_1_4' title="bbox 194 920 997 1381">
     <span class='ocr_line' id='line_1_12' title="bbox 254 920 997 975; baseline 0 -13"><span class='ocrx_word' id='word_1_50' title='bbox 254 920 478 974; x_wconf 80' lang='lat' dir='ltr'><strong>Quoniam</strong></span> <span class='ocrx_word' id='word_1_51' title='bbox 506 922 634 975; x_wconf 86' lang='lat' dir='ltr'><strong>ipfius</strong></span> <span class='ocrx_word' id='word_1_52' title='bbox 663 921 724 963; x_wconf 90' lang='lat' dir='ltr'><strong>est</strong></span> <span class='ocrx_word' id='word_1_53' title='bbox 755 934 877 962; x_wconf 88' lang='lat' dir='ltr'><strong>mare</strong></span> <span class='ocrx_word' id='word_1_54' title='bbox 910 936 920 962; x_wconf 89' lang='lat'>:</span> <span class='ocrx_word' id='word_1_55' title='bbox 953 926 997 962; x_wconf 93' lang='lat' dir='ltr'><strong>et</strong></span> 
     </span>
     <span class='ocr_line' id='line_1_13' title="bbox 195 978 997 1032; baseline 0.001 -14"><span class='ocrx_word' id='word_1_56' title='bbox 195 978 283 1032; x_wconf 89' lang='lat' dir='ltr'><strong>ipse</strong></span> <span class='ocrx_word' id='word_1_57' title='bbox 305 979 407 1021; x_wconf 90' lang='lat' dir='ltr'><strong>fecit</strong></span> <span class='ocrx_word' id='word_1_58' title='bbox 429 979 536 1021; x_wconf 90' lang='lat' dir='ltr'><strong>illud</strong></span> <span class='ocrx_word' id='word_1_59' title='bbox 562 995 570 1021; x_wconf 93' lang='lat'>:</span> <span class='ocrx_word' id='word_1_60' title='bbox 594 985 638 1020; x_wconf 91' lang='lat' dir='ltr'><strong>et</strong></span> <span class='ocrx_word' id='word_1_61' title='bbox 655 979 824 1020; x_wconf 87' lang='lat' dir='ltr'><strong>aridam</strong></span> <span class='ocrx_word' id='word_1_62' title='bbox 842 979 997 1020; x_wconf 88' lang='lat' dir='ltr'><strong>funda-</strong></span> 
     </span>
     <span class='ocr_line' id='line_1_14' title="bbox 197 1037 996 1078; baseline 0.003 -2"><span class='ocrx_word' id='word_1_63' title='bbox 197 1043 354 1078; x_wconf 89' lang='lat' dir='ltr'><strong>uerunt</strong></span> <span class='ocrx_word' id='word_1_64' title='bbox 386 1051 543 1078; x_wconf 90' lang='lat' dir='ltr'><strong>manus</strong></span> <span class='ocrx_word' id='word_1_65' title='bbox 575 1038 679 1078; x_wconf 86' lang='lat' dir='ltr'><strong>eius.</strong></span> <span class='ocrx_word' id='word_1_66' title='bbox 710 1037 858 1078; x_wconf 88' lang='lat' dir='ltr'><strong>venite</strong></span> <span class='ocrx_word' id='word_1_67' title='bbox 891 1037 996 1078; x_wconf 86' lang='lat' dir='ltr'><strong>ado-</strong></span> 
     </span>
     <span class='ocr_line' id='line_1_15' title="bbox 197 1094 997 1149; baseline 0.001 -15"><span class='ocrx_word' id='word_1_68' title='bbox 197 1107 367 1136; x_wconf 86' lang='lat' dir='ltr'><strong>remus:</strong></span> <span class='ocrx_word' id='word_1_69' title='bbox 385 1094 972 1149; x_wconf 86' lang='lat' dir='ltr'><strong>etprocidamusantedeum</strong></span> <span class='ocrx_word' id='word_1_70' title='bbox 988 1110 997 1135; x_wconf 81' lang='lat' dir='ltr'><em>z</em></span> 
     </span>
     <span class='ocr_line' id='line_1_16' title="bbox 197 1152 995 1206; baseline 0 -14"><span class='ocrx_word' id='word_1_71' title='bbox 197 1152 420 1205; x_wconf 84' lang='lat' dir='ltr'><strong>ploremus</strong></span> <span class='ocrx_word' id='word_1_72' title='bbox 460 1167 608 1194; x_wconf 88' lang='lat' dir='ltr'><strong>coram</strong></span> <span class='ocrx_word' id='word_1_73' title='bbox 651 1153 835 1194; x_wconf 91' lang='lat' dir='ltr'><strong>domino</strong></span> <span class='ocrx_word' id='word_1_74' title='bbox 875 1166 884 1194; x_wconf 92' lang='lat'><strong>:</strong></span> <span class='ocrx_word' id='word_1_75' title='bbox 919 1152 995 1206; x_wconf 89' lang='lat' dir='ltr'><strong>qui</strong></span> 
     </span>
     <span class='ocr_line' id='line_1_17' title="bbox 196 1210 996 1265; baseline 0 -15"><span class='ocrx_word' id='word_1_76' title='bbox 196 1210 298 1251; x_wconf 88' lang='lat' dir='ltr'><strong>fecit</strong></span> <span class='ocrx_word' id='word_1_77' title='bbox 320 1224 400 1251; x_wconf 87' lang='lat' dir='ltr'><strong>nos</strong></span> <span class='ocrx_word' id='word_1_78' title='bbox 429 1226 437 1252; x_wconf 92' lang='lat'>:</span> <span class='ocrx_word' id='word_1_79' title='bbox 466 1211 569 1265; x_wconf 89' lang='lat' dir='ltr'><strong>quia</strong></span> <span class='ocrx_word' id='word_1_80' title='bbox 597 1211 685 1265; x_wconf 90' lang='lat' dir='ltr'><strong>ipse</strong></span> <span class='ocrx_word' id='word_1_81' title='bbox 707 1211 767 1252; x_wconf 89' lang='lat' dir='ltr'><strong>est</strong></span> <span class='ocrx_word' id='word_1_82' title='bbox 789 1211 996 1251; x_wconf 88' lang='lat' dir='ltr'><strong>dominus</strong></span> 
     </span>
     <span class='ocr_line' id='line_1_18' title="bbox 195 1268 995 1322; baseline -0.001 -13"><span class='ocrx_word' id='word_1_83' title='bbox 195 1268 305 1309; x_wconf 92' lang='lat' dir='ltr'><strong>deus</strong></span> <span class='ocrx_word' id='word_1_84' title='bbox 327 1268 470 1310; x_wconf 88' lang='lat' dir='ltr'><strong>noster</strong></span> <span class='ocrx_word' id='word_1_85' title='bbox 491 1284 499 1310; x_wconf 75' lang='grc' dir='ltr'>ε</span> <span class='ocrx_word' id='word_1_86' title='bbox 522 1282 602 1309; x_wconf 86' lang='lat' dir='ltr'><strong>nos</strong></span> <span class='ocrx_word' id='word_1_87' title='bbox 624 1274 773 1310; x_wconf 91' lang='lat' dir='ltr'><strong>autem</strong></span> <span class='ocrx_word' id='word_1_88' title='bbox 802 1268 995 1322; x_wconf 86' lang='lat' dir='ltr'><strong>populus</strong></span> 
     </span>
     <span class='ocr_line' id='line_1_19' title="bbox 194 1326 809 1381; baseline 0.003 -15"><span class='ocrx_word' id='word_1_89' title='bbox 194 1326 299 1375; x_wconf 83' lang='lat' dir='ltr'><strong>eius,</strong></span> <span class='ocrx_word' id='word_1_90' title='bbox 321 1333 365 1367; x_wconf 91' lang='lat' dir='ltr'><strong>et</strong></span> <span class='ocrx_word' id='word_1_91' title='bbox 387 1340 492 1368; x_wconf 90' lang='lat' dir='ltr'><strong>oues</strong></span> <span class='ocrx_word' id='word_1_92' title='bbox 514 1326 684 1381; x_wconf 75' lang='lat' dir='ltr'><strong>pascuae</strong></span> <span class='ocrx_word' id='word_1_93' title='bbox 706 1326 809 1368; x_wconf 87' lang='lat' dir='ltr'><strong>eius.</strong></span> 
     </span>
    </p>

    <p class='ocr_par' dir='ltr' id='par_1_5' title="bbox 194 1383 995 1772">
     <span class='ocr_line' id='line_1_20' title="bbox 256 1383 993 1426; baseline -0.001 -1"><span class='ocrx_word' id='word_1_94' title='bbox 256 1385 406 1425; x_wconf 88' lang='lat' dir='ltr'><strong>Hodie</strong></span> <span class='ocrx_word' id='word_1_95' title='bbox 423 1384 450 1424; x_wconf 88' lang='lat' dir='ltr'>fi</span> <span class='ocrx_word' id='word_1_96' title='bbox 465 1398 620 1426; x_wconf 88' lang='lat' dir='ltr'><strong>vocem</strong></span> <span class='ocrx_word' id='word_1_97' title='bbox 634 1384 727 1425; x_wconf 90' lang='lat' dir='ltr'><strong>eius</strong></span> <span class='ocrx_word' id='word_1_98' title='bbox 742 1383 967 1425; x_wconf 87' lang='lat' dir='ltr'><strong>audieritis</strong></span> <span class='ocrx_word' id='word_1_99' title='bbox 985 1399 993 1424; x_wconf 76' lang='grc' dir='ltr'>ε</span> 
     </span>
     <span class='ocr_line' id='line_1_21' title="bbox 196 1441 994 1483; baseline -0.001 0"><span class='ocrx_word' id='word_1_100' title='bbox 196 1441 334 1483; x_wconf 92' lang='lat' dir='ltr'><strong>nolite</strong></span> <span class='ocrx_word' id='word_1_101' title='bbox 373 1442 591 1483; x_wconf 87' lang='lat' dir='ltr'><strong>obdurare</strong></span> <span class='ocrx_word' id='word_1_102' title='bbox 632 1442 766 1483; x_wconf 90' lang='lat' dir='ltr'><strong>corda</strong></span> <span class='ocrx_word' id='word_1_103' title='bbox 806 1441 945 1483; x_wconf 88' lang='lat' dir='ltr'><strong>vestra</strong></span> <span class='ocrx_word' id='word_1_104' title='bbox 986 1456 994 1482; x_wconf 93' lang='lat'>:</span> 
     </span>
     <span class='ocr_line' id='line_1_22' title="bbox 196 1499 994 1542; baseline 0 -2"><span class='ocrx_word' id='word_1_105' title='bbox 196 1499 302 1541; x_wconf 87' lang='lat' dir='ltr'><strong>ficut</strong></span> <span class='ocrx_word' id='word_1_106' title='bbox 322 1500 366 1540; x_wconf 90' lang='lat' dir='ltr'><strong>in</strong></span> <span class='ocrx_word' id='word_1_107' title='bbox 389 1500 731 1542; x_wconf 81' lang='lat' dir='ltr'><strong>exacerbatione</strong></span> <span class='ocrx_word' id='word_1_108' title='bbox 756 1499 994 1540; x_wconf 89' lang='lat' dir='ltr'><strong>secundum</strong></span> 
     </span>
     <span class='ocr_line' id='line_1_23' title="bbox 194 1557 995 1599; baseline 0 -1"><span class='ocrx_word' id='word_1_109' title='bbox 194 1558 314 1598; x_wconf 91' lang='lat' dir='ltr'><strong>diem</strong></span> <span class='ocrx_word' id='word_1_110' title='bbox 343 1557 602 1599; x_wconf 83' lang='lat' dir='ltr'><strong>tentationis</strong></span> <span class='ocrx_word' id='word_1_111' title='bbox 631 1558 675 1598; x_wconf 92' lang='lat' dir='ltr'><strong>in</strong></span> <span class='ocrx_word' id='word_1_112' title='bbox 701 1557 871 1598; x_wconf 91' lang='lat' dir='ltr'><strong>deserto</strong></span> <span class='ocrx_word' id='word_1_113' title='bbox 893 1557 995 1598; x_wconf 85' lang='lat' dir='ltr'><strong>:vbi</strong></span> 
     </span>
     <span class='ocr_line' id='line_1_24' title="bbox 194 1614 995 1669; baseline -0.001 -13"><span class='ocrx_word' id='word_1_114' title='bbox 194 1621 479 1657; x_wconf 87' lang='lat' dir='ltr'><strong>tentauerunt</strong></span> <span class='ocrx_word' id='word_1_115' title='bbox 520 1628 591 1656; x_wconf 90' lang='lat' dir='ltr'><strong>me</strong></span> <span class='ocrx_word' id='word_1_116' title='bbox 635 1621 783 1669; x_wconf 87' lang='lat' dir='ltr'><strong>patres</strong></span> <span class='ocrx_word' id='word_1_117' title='bbox 820 1614 947 1656; x_wconf 90' lang='lat' dir='ltr'><strong>vestri</strong></span> <span class='ocrx_word' id='word_1_118' title='bbox 985 1629 995 1655; x_wconf 70' lang='grc' dir='ltr'><strong><em>ε</em></strong></span> 
     </span>
     <span class='ocr_line' id='line_1_25' title="bbox 194 1673 994 1726; baseline -0.001 -12"><span class='ocrx_word' id='word_1_119' title='bbox 194 1673 506 1726; x_wconf 87' lang='lat' dir='ltr'><strong>probauerunt,</strong></span> <span class='ocrx_word' id='word_1_120' title='bbox 536 1678 582 1714; x_wconf 89' lang='lat' dir='ltr'><strong>et</strong></span> <span class='ocrx_word' id='word_1_121' title='bbox 616 1673 822 1714; x_wconf 88' lang='lat' dir='ltr'><strong>viderunt</strong></span> <span class='ocrx_word' id='word_1_122' title='bbox 857 1685 994 1726; x_wconf 87' lang='lat' dir='ltr'><strong>opera</strong></span> 
     </span>
     <span class='ocr_line' id='line_1_26' title="bbox 197 1744 310 1772; baseline 0.009 -1"><span class='ocrx_word' id='word_1_123' title='bbox 197 1744 310 1772; x_wconf 91' lang='lat' dir='ltr'><strong>mea.</strong></span> 
     </span>
    </p>

    <p class='ocr_par' dir='ltr' id='par_1_6' title="bbox 194 1787 997 2189">
     <span class='ocr_line' id='line_1_27' title="bbox 254 1787 995 1842; baseline -0.001 -13"><span class='ocrx_word' id='word_1_124' title='bbox 254 1787 563 1842; x_wconf 77' lang='lat' dir='ltr'><strong>Quadraginta</strong></span> <span class='ocrx_word' id='word_1_125' title='bbox 598 1788 726 1829; x_wconf 88' lang='lat' dir='ltr'><strong>annis</strong></span> <span class='ocrx_word' id='word_1_126' title='bbox 762 1788 995 1841; x_wconf 85' lang='lat' dir='ltr'><strong>proximus</strong></span> 
     </span>
     <span class='ocr_line' id='line_1_28' title="bbox 195 1845 993 1900; baseline -0.001 -14"><span class='ocrx_word' id='word_1_127' title='bbox 195 1846 256 1887; x_wconf 88' lang='lat' dir='ltr'><strong>fui</strong></span> <span class='ocrx_word' id='word_1_128' title='bbox 291 1846 566 1900; x_wconf 85' lang='lat' dir='ltr'><strong>generationi</strong></span> <span class='ocrx_word' id='word_1_129' title='bbox 607 1845 709 1886; x_wconf 90' lang='lat' dir='ltr'><strong>huic</strong></span> <span class='ocrx_word' id='word_1_130' title='bbox 752 1859 760 1886; x_wconf 92' lang='lat'>:</span> <span class='ocrx_word' id='word_1_131' title='bbox 802 1851 846 1886; x_wconf 87' lang='lat' dir='ltr'><strong>et</strong></span> <span class='ocrx_word' id='word_1_132' title='bbox 886 1845 993 1895; x_wconf 88' lang='lat' dir='ltr'><strong>dixi,</strong></span> 
     </span>
     <span class='ocr_line' id='line_1_29' title="bbox 194 1902 996 1958; baseline -0.001 -14"><span class='ocrx_word' id='word_1_133' title='bbox 194 1904 364 1958; x_wconf 89' lang='lat' dir='ltr'><strong>semper</strong></span> <span class='ocrx_word' id='word_1_134' title='bbox 390 1904 434 1944; x_wconf 92' lang='lat' dir='ltr'><strong>hi</strong></span> <span class='ocrx_word' id='word_1_135' title='bbox 457 1909 604 1944; x_wconf 88' lang='lat' dir='ltr'><strong>errant</strong></span> <span class='ocrx_word' id='word_1_136' title='bbox 628 1903 772 1944; x_wconf 89' lang='lat' dir='ltr'><strong>corde.</strong></span> <span class='ocrx_word' id='word_1_137' title='bbox 796 1902 870 1956; x_wconf 90' lang='lat' dir='ltr'><strong>ipfi</strong></span> <span class='ocrx_word' id='word_1_138' title='bbox 892 1917 996 1944; x_wconf 90' lang='lat' dir='ltr'><strong>vero</strong></span> 
     </span>
     <span class='ocr_line' id='line_1_30' title="bbox 194 1962 997 2015; baseline -0.001 -13"><span class='ocrx_word' id='word_1_139' title='bbox 194 1976 283 2002; x_wconf 90' lang='lat' dir='ltr'><strong>non</strong></span> <span class='ocrx_word' id='word_1_140' title='bbox 306 1966 609 2015; x_wconf 84' lang='lat' dir='ltr'><strong>cognouerunt</strong></span> <span class='ocrx_word' id='word_1_141' title='bbox 630 1962 725 2002; x_wconf 89' lang='lat' dir='ltr'><strong>vias</strong></span> <span class='ocrx_word' id='word_1_142' title='bbox 748 1975 878 2002; x_wconf 86' lang='lat' dir='ltr'><strong>meas.</strong></span> <span class='ocrx_word' id='word_1_143' title='bbox 900 1962 997 2015; x_wconf 93' lang='lat' dir='ltr'><strong>qui-</strong></span> 
     </span>
     <span class='ocr_line' id='line_1_31' title="bbox 194 2018 997 2060; baseline 0 0"><span class='ocrx_word' id='word_1_144' title='bbox 194 2020 275 2060; x_wconf 86' lang='lat' dir='ltr'><strong>bus</strong></span> <span class='ocrx_word' id='word_1_145' title='bbox 307 2020 445 2060; x_wconf 88' lang='lat' dir='ltr'><strong>iuraui</strong></span> <span class='ocrx_word' id='word_1_146' title='bbox 475 2019 518 2059; x_wconf 91' lang='lat' dir='ltr'><strong>in</strong></span> <span class='ocrx_word' id='word_1_147' title='bbox 548 2019 611 2060; x_wconf 89' lang='lat' dir='ltr'><strong>ira</strong></span> <span class='ocrx_word' id='word_1_148' title='bbox 640 2032 739 2059; x_wconf 88' lang='lat' dir='ltr'><strong>mea</strong></span> <span class='ocrx_word' id='word_1_149' title='bbox 768 2034 776 2060; x_wconf 76' lang='grc' dir='ltr'>ε</span> <span class='ocrx_word' id='word_1_150' title='bbox 804 2018 832 2059; x_wconf 87' lang='lat' dir='ltr'><strong>fi</strong></span> <span class='ocrx_word' id='word_1_151' title='bbox 862 2019 997 2060; x_wconf 91' lang='lat' dir='ltr'><strong>intro-</strong></span> 
     </span>
     <span class='ocr_line' id='line_1_32' title="bbox 195 2076 995 2131; baseline 0 -13"><span class='ocrx_word' id='word_1_152' title='bbox 195 2079 320 2118; x_wconf 87' lang='lat' dir='ltr'><strong>ibunt</strong></span> <span class='ocrx_word' id='word_1_153' title='bbox 342 2077 386 2117; x_wconf 88' lang='lat' dir='ltr'><strong>in</strong></span> <span class='ocrx_word' id='word_1_154' title='bbox 408 2077 603 2131; x_wconf 87' lang='lat' dir='ltr'><strong>requiem</strong></span> <span class='ocrx_word' id='word_1_155' title='bbox 625 2089 781 2118; x_wconf 85' lang='lat' dir='ltr'><strong>meam.</strong></span> <span class='ocrx_word' id='word_1_156' title='bbox 844 2076 995 2119; x_wconf 80' lang='lat' dir='ltr'><strong>Gloria</strong></span> 
     </span>
     <span class='ocr_line' id='line_1_33' title="bbox 194 2133 339 2189; baseline -0.007 -13"><span class='ocrx_word' id='word_1_157' title='bbox 194 2133 339 2189; x_wconf 80' lang='lat' dir='ltr'><strong>patri2.</strong></span> 
     </span>
    </p>

    <p class='ocr_par' dir='ltr' id='par_1_7' title="bbox 184 2190 996 2534">
     <span class='ocr_line' id='line_1_34' title="bbox 250 2190 993 2246; baseline 0.001 -13"><span class='ocrx_word' id='word_1_158' title='bbox 250 2192 420 2234; x_wconf 80' lang='lat' dir='ltr'><strong>Deinde</strong></span> <span class='ocrx_word' id='word_1_159' title='bbox 440 2191 634 2233; x_wconf 87' lang='lat' dir='ltr'><strong>Domine</strong></span> <span class='ocrx_word' id='word_1_160' title='bbox 659 2190 993 2246; x_wconf 79' lang='lat' dir='ltr'><strong>praestolamur³.</strong></span> 
     </span>
     <span class='ocr_line' id='line_1_35' title="bbox 194 2249 995 2304; baseline -0.002 -12"><span class='ocrx_word' id='word_1_161' title='bbox 194 2257 243 2292; x_wconf 86' lang='lat' dir='ltr'><strong>vt</strong></span> <span class='ocrx_word' id='word_1_162' title='bbox 244 2251 395 2303; x_wconf 76' lang='lat' dir='ltr'><strong>supra.</strong></span> <span class='ocrx_word' id='word_1_163' title='bbox 422 2250 666 2291; x_wconf 62' lang='lat' dir='ltr'><strong>Proedie‘ius</strong></span> <span class='ocrx_word' id='word_1_164' title='bbox 671 2249 868 2304; x_wconf 86' lang='lat' dir='ltr'><strong>psalmus</strong></span> <span class='ocrx_word' id='word_1_165' title='bbox 875 2250 995 2291; x_wconf 81' lang='lat' dir='ltr'><strong>modo</strong></span> 
     </span>
     <span class='ocr_line' id='line_1_36' title="bbox 184 2308 994 2362; baseline -0.002 -12"><span class='ocrx_word' id='word_1_166' title='bbox 184 2308 388 2362; x_wconf 64' lang='lat' dir='ltr'><strong>proedic‘io</strong></span> <span class='ocrx_word' id='word_1_167' title='bbox 407 2308 571 2349; x_wconf 87' lang='lat' dir='ltr'><strong>dicitur</strong></span> <span class='ocrx_word' id='word_1_168' title='bbox 578 2314 662 2362; x_wconf 91' lang='lat' dir='ltr'><strong>per</strong></span> <span class='ocrx_word' id='word_1_169' title='bbox 678 2314 814 2349; x_wconf 84' lang='lat' dir='ltr'><strong>totum</strong></span> <span class='ocrx_word' id='word_1_170' title='bbox 828 2321 994 2348; x_wconf 87' lang='lat' dir='ltr'><strong>annum</strong></span> 
     </span>
     <span class='ocr_line' id='line_1_37' title="bbox 193 2365 995 2420; baseline -0.001 -13"><span class='ocrx_word' id='word_1_171' title='bbox 193 2381 288 2408; x_wconf 84' lang='lat' dir='ltr'><strong>cum</strong></span> <span class='ocrx_word' id='word_1_172' title='bbox 314 2365 565 2407; x_wconf 84' lang='lat' dir='ltr'><strong>inuitatorio</strong></span> <span class='ocrx_word' id='word_1_173' title='bbox 591 2365 781 2419; x_wconf 84' lang='lat' dir='ltr'><strong>tempori,</strong></span> <span class='ocrx_word' id='word_1_174' title='bbox 801 2366 872 2406; x_wconf 87' lang='lat' dir='ltr'><strong>vel</strong></span> <span class='ocrx_word' id='word_1_175' title='bbox 883 2365 995 2420; x_wconf 84' lang='lat' dir='ltr'><strong>festo</strong></span> 
     </span>
     <span class='ocr_line' id='line_1_38' title="bbox 193 2423 996 2476; baseline -0.001 -11"><span class='ocrx_word' id='word_1_176' title='bbox 193 2424 512 2472; x_wconf 79' lang='lat' dir='ltr'><strong>accommodato,</strong></span> <span class='ocrx_word' id='word_1_177' title='bbox 530 2429 820 2476; x_wconf 75' lang='lat' dir='ltr'><strong>proeterquam</strong></span> <span class='ocrx_word' id='word_1_178' title='bbox 847 2423 894 2465; x_wconf 86' lang='lat' dir='ltr'><strong>in</strong></span> <span class='ocrx_word' id='word_1_179' title='bbox 915 2423 996 2465; x_wconf 84' lang='lat' dir='ltr'><strong>tri-</strong></span> 
     </span>
     <span class='ocr_line' id='line_1_39' title="bbox 194 2481 791 2534; baseline 0.002 -12"><span class='ocrx_word' id='word_1_180' title='bbox 194 2482 277 2523; x_wconf 84' lang='lat' dir='ltr'><strong>duo</strong></span> <span class='ocrx_word' id='word_1_181' title='bbox 296 2488 396 2523; x_wconf 85' lang='lat' dir='ltr'><strong>ante</strong></span> <span class='ocrx_word' id='word_1_182' title='bbox 404 2481 574 2534; x_wconf 83' lang='lat' dir='ltr'><strong>pasclza.</strong></span> <span class='ocrx_word' id='word_1_183' title='bbox 596 2481 791 2534; x_wconf 78' lang='lat' dir='ltr'><strong>lzymnus.</strong></span> 
     </span>
    </p>
   </div>
   <div class='ocr_carea' id='block_1_3' title="bbox 194 2572 995 3021">
    <p class='ocr_par' dir='ltr' id='par_1_8' title="bbox 194 2572 995 3021">
     <span class='ocr_line' id='line_1_40' title="bbox 283 2572 995 2615; baseline -0.001 0"><span class='ocrx_word' id='word_1_184' title='bbox 283 2573 360 2615; x_wconf 91' lang='lat' dir='ltr'><strong>Ox</strong></span> <span class='ocrx_word' id='word_1_185' title='bbox 391 2572 508 2614; x_wconf 88' lang='lat' dir='ltr'><strong>clara</strong></span> <span class='ocrx_word' id='word_1_186' title='bbox 537 2586 639 2614; x_wconf 88' lang='lat' dir='ltr'><strong>ecce</strong></span> <span class='ocrx_word' id='word_1_187' title='bbox 672 2572 846 2614; x_wconf 90' lang='lat' dir='ltr'><strong>intonat</strong></span> <span class='ocrx_word' id='word_1_188' title='bbox 877 2587 886 2614; x_wconf 75' lang='grc' dir='ltr'>ε</span> <span class='ocrx_word' id='word_1_189' title='bbox 917 2572 995 2614; x_wconf 94' lang='lat' dir='ltr'><strong>ob-</strong></span> 
     </span>
     <span class='ocr_line' id='line_1_41' title="bbox 301 2630 995 2684; baseline 0 -13"><span class='ocrx_word' id='word_1_190' title='bbox 301 2631 422 2671; x_wconf 89' lang='lat' dir='ltr'><strong>scura</strong></span> <span class='ocrx_word' id='word_1_191' title='bbox 443 2644 618 2684; x_wconf 86' lang='lat' dir='ltr'><strong>queque</strong></span> <span class='ocrx_word' id='word_1_192' title='bbox 641 2630 848 2684; x_wconf 86' lang='lat' dir='ltr'><strong>increpat.</strong></span> <span class='ocrx_word' id='word_1_193' title='bbox 899 2630 995 2672; x_wconf 86' lang='lat' dir='ltr'><strong>Pel-</strong></span> 
     </span>
     <span class='ocr_line' id='line_1_42' title="bbox 194 2687 995 2729; baseline 0.001 -1"><span class='ocrx_word' id='word_1_194' title='bbox 194 2688 339 2729; x_wconf 86' lang='lat' dir='ltr'><strong>lantur</strong></span> <span class='ocrx_word' id='word_1_195' title='bbox 356 2689 527 2728; x_wconf 85' lang='lat' dir='ltr'><strong>eminus</strong></span> <span class='ocrx_word' id='word_1_196' title='bbox 550 2687 716 2728; x_wconf 87' lang='lat' dir='ltr'><strong>somnia</strong></span> <span class='ocrx_word' id='word_1_197' title='bbox 733 2704 742 2729; x_wconf 92' lang='lat'>:</span> <span class='ocrx_word' id='word_1_198' title='bbox 759 2688 815 2729; x_wconf 86' lang='lat' dir='ltr'><strong>ab</strong></span> <span class='ocrx_word' id='word_1_199' title='bbox 832 2688 995 2729; x_wconf 83' lang='lat' dir='ltr'><strong>aethere</strong></span> 
     </span>
     <span class='ocr_line' id='line_1_43' title="bbox 196 2745 640 2799; baseline 0 -12"><span class='ocrx_word' id='word_1_200' title='bbox 196 2745 389 2788; x_wconf 88' lang='lat' dir='ltr'><strong>Christus</strong></span> <span class='ocrx_word' id='word_1_201' title='bbox 411 2746 640 2799; x_wconf 82' lang='lat' dir='ltr'><strong>promicat.</strong></span> 
     </span>
     <span class='ocr_line' id='line_1_44' title="bbox 254 2803 994 2857; baseline 0.001 -14"><span class='ocrx_word' id='word_1_202' title='bbox 254 2804 383 2844; x_wconf 87' lang='lat' dir='ltr'><strong>Mens</strong></span> <span class='ocrx_word' id='word_1_203' title='bbox 419 2803 507 2843; x_wconf 90' lang='lat' dir='ltr'><strong>iam</strong></span> <span class='ocrx_word' id='word_1_204' title='bbox 544 2803 737 2856; x_wconf 83' lang='lat' dir='ltr'><strong>resurgat</strong></span> <span class='ocrx_word' id='word_1_205' title='bbox 772 2803 949 2857; x_wconf 89' lang='lat' dir='ltr'><strong>torpida</strong></span> <span class='ocrx_word' id='word_1_206' title='bbox 986 2818 994 2844; x_wconf 93' lang='lat'>:</span> 
     </span>
     <span class='ocr_line' id='line_1_45' title="bbox 195 2861 992 2915; baseline 0 -13"><span class='ocrx_word' id='word_1_207' title='bbox 195 2875 294 2915; x_wconf 83' lang='lat' dir='ltr'><strong>quae</strong></span> <span class='ocrx_word' id='word_1_208' title='bbox 335 2861 458 2901; x_wconf 89' lang='lat' dir='ltr'><strong>sorde</strong></span> <span class='ocrx_word' id='word_1_209' title='bbox 498 2866 626 2902; x_wconf 86' lang='lat' dir='ltr'><strong>extat</strong></span> <span class='ocrx_word' id='word_1_210' title='bbox 667 2861 818 2902; x_wconf 85' lang='lat' dir='ltr'><strong>saucia.</strong></span> <span class='ocrx_word' id='word_1_211' title='bbox 862 2861 992 2915; x_wconf 82' lang='lat' dir='ltr'><strong>sydus</strong></span> 
     </span>
     <span class='ocr_line' id='line_1_46' title="bbox 266 2933 517 2968; baseline 0 -1"><span class='ocrx_word' id='word_1_212' title='bbox 266 2933 277 2955; x_wconf 81' lang='lat'>¹</span> <span class='ocrx_word' id='word_1_213' title='bbox 304 2933 450 2968; x_wconf 88' lang='lat' dir='ltr'><strong>facem:</strong></span> <span class='ocrx_word' id='word_1_214' title='bbox 478 2934 517 2967; x_wconf 91' lang='lat' dir='ltr'><strong>P.</strong></span> 
     </span>
     <span class='ocr_line' id='line_1_47' title="bbox 265 2980 810 3021; baseline -0.002 -7"><span class='ocrx_word' id='word_1_215' title='bbox 265 2980 279 3002; x_wconf 80' lang='lat'><em>²</em></span> <span class='ocrx_word' id='word_1_216' title='bbox 304 2981 392 3015; x_wconf 77' lang='lat' dir='ltr'><strong>sicut</strong></span> <span class='ocrx_word' id='word_1_217' title='bbox 410 2986 488 3021; x_wconf 79' lang='lat' dir='ltr'><strong>erat</strong></span> <span class='ocrx_word' id='word_1_218' title='bbox 507 2992 514 3014; x_wconf 93' lang='lat'>:</span> <span class='ocrx_word' id='word_1_219' title='bbox 539 2980 621 3014; x_wconf 85' lang='lat' dir='ltr'><strong>add.</strong></span> <span class='ocrx_word' id='word_1_220' title='bbox 643 2981 686 3015; x_wconf 87' lang='lat' dir='ltr'><strong>R.</strong></span> <span class='ocrx_word' id='word_1_221' title='bbox 708 2981 745 3015; x_wconf 89' lang='lat' dir='ltr'><strong>P.</strong></span> <span class='ocrx_word' id='word_1_222' title='bbox 766 2981 810 3015; x_wconf 88' lang='lat' dir='ltr'><strong>A.</strong></span> 
     </span>
    </p>
   </div>
   <div class='ocr_carea' id='block_1_4' title="bbox 263 3027 700 3109">
    <p class='ocr_par' dir='ltr' id='par_1_9' title="bbox 263 3027 700 3109">
     <span class='ocr_line' id='line_1_48' title="bbox 263 3027 692 3062; baseline 0 -1"><span class='ocrx_word' id='word_1_223' title='bbox 263 3028 276 3049; x_wconf 84' lang='lat'>³</span> <span class='ocrx_word' id='word_1_224' title='bbox 302 3034 368 3062; x_wconf 88' lang='lat' dir='ltr'><strong>etc.</strong></span> <span class='ocrx_word' id='word_1_225' title='bbox 388 3040 395 3062; x_wconf 90' lang='lat'><strong>:</strong></span> <span class='ocrx_word' id='word_1_226' title='bbox 421 3027 504 3060; x_wconf 78' lang='lat' dir='ltr'><strong>add.</strong></span> <span class='ocrx_word' id='word_1_227' title='bbox 525 3027 569 3060; x_wconf 88' lang='lat' dir='ltr'><strong>R.</strong></span> <span class='ocrx_word' id='word_1_228' title='bbox 591 3028 630 3060; x_wconf 84' lang='lat' dir='ltr'><strong>P.</strong></span> <span class='ocrx_word' id='word_1_229' title='bbox 649 3028 692 3061; x_wconf 82' lang='lat' dir='ltr'><strong>A.</strong></span> 
     </span>
     <span class='ocr_line' id='line_1_49' title="bbox 264 3073 700 3109; baseline 0.002 -1"><span class='ocrx_word' id='word_1_230' title='bbox 264 3073 277 3094; x_wconf 76' lang='lat'><strong>‘¹</strong></span> <span class='ocrx_word' id='word_1_231' title='bbox 303 3080 371 3109; x_wconf 88' lang='lat' dir='ltr'><strong>etc.</strong></span> <span class='ocrx_word' id='word_1_232' title='bbox 392 3086 399 3109; x_wconf 72' lang='grc' dir='ltr'><em>ι</em></span> <span class='ocrx_word' id='word_1_233' title='bbox 425 3074 510 3109; x_wconf 81' lang='lat' dir='ltr'><strong>add.</strong></span> <span class='ocrx_word' id='word_1_234' title='bbox 535 3074 575 3107; x_wconf 90' lang='lat' dir='ltr'><strong>R.</strong></span> <span class='ocrx_word' id='word_1_235' title='bbox 599 3075 636 3109; x_wconf 88' lang='lat' dir='ltr'><strong>P.</strong></span> <span class='ocrx_word' id='word_1_236' title='bbox 656 3075 700 3109; x_wconf 89' lang='lat' dir='ltr'><strong>A.</strong></span> 
     </span>
    </p>
   </div>
   <div class='ocr_carea' id='block_1_5' title="bbox 646 268 1413 302">
    <p class='ocr_par' dir='ltr' id='par_1_10' title="bbox 646 268 1413 302">
     <span class='ocr_line' id='line_1_50' title="bbox 646 268 1413 302; baseline -0.001 -2"><span class='ocrx_word' id='word_1_237' title='bbox 646 268 843 301; x_wconf 74' lang='lat' dir='ltr'><em>DOMINI</em></span> <span class='ocrx_word' id='word_1_238' title='bbox 842 268 870 301; x_wconf 89' lang='lat' dir='ltr'><em>C</em></span> <span class='ocrx_word' id='word_1_239' title='bbox 871 269 900 300; x_wconf 76' lang='lat' dir='ltr'><em>A</em></span> <span class='ocrx_word' id='word_1_240' title='bbox 931 268 1091 300; x_wconf 76' lang='lat' dir='ltr'><em>PRIMA</em></span> <span class='ocrx_word' id='word_1_241' title='bbox 1124 268 1413 302; x_wconf 74' lang='lat' dir='ltr'><strong>ADUENTUS.</strong></span> 
     </span>
    </p>
   </div>
   <div class='ocr_carea' id='block_1_6' title="bbox 1416 0 2066 321">
    <p class='ocr_par' dir='ltr' id='par_1_11' title="bbox 1416 0 2066 321">
     <span class='ocr_line' id='line_1_51' title="bbox 1416 0 2066 321; baseline 0 3071"><span class='ocrx_word' id='word_1_242' title='bbox 1416 0 2066 321; x_wconf 95' lang='lat' dir='ltr'><strong> </strong></span> 
     </span>
    </p>
   </div>
   <div class='ocr_carea' id='block_1_7' title="bbox 1613 342 1870 387">
    <p class='ocr_par' dir='ltr' id='par_1_12' title="bbox 1613 342 1870 387">
     <span class='ocr_line' id='line_1_52' title="bbox 1613 342 1870 387; baseline -0.004 -1"><span class='ocrx_word' id='word_1_243' title='bbox 1613 360 1622 386; x_wconf 76' lang='grc' dir='ltr'>ε</span> <span class='ocrx_word' id='word_1_244' title='bbox 1658 349 1706 387; x_wconf 84' lang='lat' dir='ltr'><strong>vt</strong></span> <span class='ocrx_word' id='word_1_245' title='bbox 1739 342 1870 387; x_wconf 87' lang='lat' dir='ltr'><strong>tollat</strong></span> 
     </span>
    </p>
   </div>
   <div class='ocr_carea' id='block_1_8' title="bbox 1052 344 1874 2979">
    <p class='ocr_par' dir='ltr' id='par_1_13' title="bbox 1064 344 1573 445">
     <span class='ocr_line' id='line_1_53' title="bbox 1064 344 1573 399; baseline 0.002 -14"><span class='ocrx_word' id='word_1_246' title='bbox 1064 344 1251 399; x_wconf 85' lang='lat' dir='ltr'><strong>refulget</strong></span> <span class='ocrx_word' id='word_1_247' title='bbox 1286 346 1371 386; x_wconf 88' lang='lat' dir='ltr'><strong>iarn</strong></span> <span class='ocrx_word' id='word_1_248' title='bbox 1409 358 1573 386; x_wconf 89' lang='lat' dir='ltr'><strong>nouum</strong></span> 
     </span>
     <span class='ocr_line' id='line_1_54' title="bbox 1065 416 1422 445; baseline 0.006 -2"><span class='ocrx_word' id='word_1_249' title='bbox 1065 416 1199 443; x_wconf 88' lang='lat' dir='ltr'><strong>omne</strong></span> <span class='ocrx_word' id='word_1_250' title='bbox 1222 417 1422 445; x_wconf 83' lang='lat' dir='ltr'><strong>noxlum.</strong></span> 
     </span>
    </p>

    <p class='ocr_par' dir='ltr' id='par_1_14' title="bbox 1065 460 1869 687">
     <span class='ocr_line' id='line_1_55' title="bbox 1124 460 1869 514; baseline -0.001 -13"><span class='ocrx_word' id='word_1_251' title='bbox 1124 461 1163 501; x_wconf 88' lang='lat' dir='ltr'>E</span> <span class='ocrx_word' id='word_1_252' title='bbox 1214 461 1375 502; x_wconf 92' lang='lat' dir='ltr'><strong>sursum</strong></span> <span class='ocrx_word' id='word_1_253' title='bbox 1427 474 1567 514; x_wconf 85' lang='lat' dir='ltr'><strong>agnus</strong></span> <span class='ocrx_word' id='word_1_254' title='bbox 1616 460 1806 502; x_wconf 86' lang='lat' dir='ltr'><strong>mittitur</strong></span> <span class='ocrx_word' id='word_1_255' title='bbox 1859 472 1869 500; x_wconf 89' lang='lat'>:</span> 
     </span>
     <span class='ocr_line' id='line_1_56' title="bbox 1065 517 1869 572; baseline -0.001 -14"><span class='ocrx_word' id='word_1_256' title='bbox 1065 517 1218 559; x_wconf 89' lang='lat' dir='ltr'><strong>laxare</strong></span> <span class='ocrx_word' id='word_1_257' title='bbox 1258 519 1395 572; x_wconf 87' lang='lat' dir='ltr'><strong>gratis</strong></span> <span class='ocrx_word' id='word_1_258' title='bbox 1431 519 1631 560; x_wconf 89' lang='lat' dir='ltr'><strong>debitum</strong></span> <span class='ocrx_word' id='word_1_259' title='bbox 1669 533 1677 559; x_wconf 93' lang='lat'>:</span> <span class='ocrx_word' id='word_1_260' title='bbox 1713 530 1869 558; x_wconf 91' lang='lat' dir='ltr'><strong>omnes</strong></span> 
     </span>
     <span class='ocr_line' id='line_1_57' title="bbox 1066 576 1868 630; baseline -0.001 -14"><span class='ocrx_word' id='word_1_261' title='bbox 1066 589 1146 629; x_wconf 91' lang='lat' dir='ltr'><strong>pro</strong></span> <span class='ocrx_word' id='word_1_262' title='bbox 1189 576 1477 630; x_wconf 82' lang='lat' dir='ltr'><strong>indulgentia.</strong></span> <span class='ocrx_word' id='word_1_263' title='bbox 1518 590 1672 618; x_wconf 89' lang='lat' dir='ltr'><strong>vocem</strong></span> <span class='ocrx_word' id='word_1_264' title='bbox 1709 576 1868 617; x_wconf 87' lang='lat' dir='ltr'><strong>demus</strong></span> 
     </span>
     <span class='ocr_line' id='line_1_58' title="bbox 1065 633 1435 687; baseline 0.003 -13"><span class='ocrx_word' id='word_1_265' title='bbox 1065 646 1165 674; x_wconf 91' lang='lat' dir='ltr'><strong>cum</strong></span> <span class='ocrx_word' id='word_1_266' title='bbox 1189 633 1435 687; x_wconf 87' lang='lat' dir='ltr'><strong>lachrymis.</strong></span> 
     </span>
    </p>

    <p class='ocr_par' dir='ltr' id='par_1_15' title="bbox 1065 690 1869 918">
     <span class='ocr_line' id='line_1_59' title="bbox 1124 690 1869 733; baseline -0.001 -1"><span class='ocrx_word' id='word_1_267' title='bbox 1124 691 1331 733; x_wconf 86' lang='lat' dir='ltr'><strong>Secundo</strong></span> <span class='ocrx_word' id='word_1_268' title='bbox 1347 698 1394 733; x_wconf 90' lang='lat' dir='ltr'><strong>vt</strong></span> <span class='ocrx_word' id='word_1_269' title='bbox 1411 705 1510 732; x_wconf 91' lang='lat' dir='ltr'><strong>cum</strong></span> <span class='ocrx_word' id='word_1_270' title='bbox 1528 690 1691 732; x_wconf 88' lang='lat' dir='ltr'><strong>fulserit</strong></span> <span class='ocrx_word' id='word_1_271' title='bbox 1711 705 1720 732; x_wconf 76' lang='lat' dir='ltr'>z</span> <span class='ocrx_word' id='word_1_272' title='bbox 1741 703 1869 731; x_wconf 90' lang='lat' dir='ltr'><strong>mun-</strong></span> 
     </span>
     <span class='ocr_line' id='line_1_60' title="bbox 1065 748 1869 802; baseline -0.001 -13"><span class='ocrx_word' id='word_1_273' title='bbox 1065 748 1261 802; x_wconf 92' lang='lat' dir='ltr'><strong>dumque</strong></span> <span class='ocrx_word' id='word_1_274' title='bbox 1277 749 1430 790; x_wconf 90' lang='lat' dir='ltr'><strong>horror</strong></span> <span class='ocrx_word' id='word_1_275' title='bbox 1445 750 1636 790; x_wconf 87' lang='lat' dir='ltr'><strong>cinxerit</strong></span> <span class='ocrx_word' id='word_1_276' title='bbox 1655 765 1664 785; x_wconf 76' lang='grc' dir='ltr'><strong><em>τ</em></strong></span> <span class='ocrx_word' id='word_1_277' title='bbox 1683 762 1770 789; x_wconf 91' lang='lat' dir='ltr'><strong>non</strong></span> <span class='ocrx_word' id='word_1_278' title='bbox 1789 761 1869 802; x_wconf 92' lang='lat' dir='ltr'><strong>pro</strong></span> 
     </span>
     <span class='ocr_line' id='line_1_61' title="bbox 1067 806 1869 861; baseline 0 -15"><span class='ocrx_word' id='word_1_279' title='bbox 1067 812 1188 847; x_wconf 89' lang='lat' dir='ltr'><strong>reatu</strong></span> <span class='ocrx_word' id='word_1_280' title='bbox 1216 807 1384 860; x_wconf 89' lang='lat' dir='ltr'><strong>puniat,</strong></span> <span class='ocrx_word' id='word_1_281' title='bbox 1410 806 1483 848; x_wconf 89' lang='lat' dir='ltr'><strong>sed</strong></span> <span class='ocrx_word' id='word_1_282' title='bbox 1518 807 1617 861; x_wconf 86' lang='lat' dir='ltr'><strong>pius</strong></span> <span class='ocrx_word' id='word_1_283' title='bbox 1652 819 1732 847; x_wconf 91' lang='lat' dir='ltr'><strong>nos</strong></span> <span class='ocrx_word' id='word_1_284' title='bbox 1761 811 1869 848; x_wconf 93' lang='lat' dir='ltr'><strong>tunc</strong></span> 
     </span>
     <span class='ocr_line' id='line_1_62' title="bbox 1065 870 1282 918; baseline 0.005 -14"><span class='ocrx_word' id='word_1_285' title='bbox 1065 870 1282 918; x_wconf 82' lang='lat' dir='ltr'><strong>protegat.</strong></span> 
     </span>
    </p>

    <p class='ocr_par' dir='ltr' id='par_1_16' title="bbox 1063 921 1869 1091">
     <span class='ocr_line' id='line_1_63' title="bbox 1125 921 1869 975; baseline 0 -13"><span class='ocrx_word' id='word_1_286' title='bbox 1125 922 1256 972; x_wconf 88' lang='lat' dir='ltr'><strong>Laus,</strong></span> <span class='ocrx_word' id='word_1_287' title='bbox 1276 921 1427 969; x_wconf 86' lang='lat' dir='ltr'><strong>honor,</strong></span> <span class='ocrx_word' id='word_1_288' title='bbox 1449 922 1598 971; x_wconf 90' lang='lat' dir='ltr'><strong>virtus,</strong></span> <span class='ocrx_word' id='word_1_289' title='bbox 1620 921 1760 975; x_wconf 86' lang='lat' dir='ltr'><strong>gloria</strong></span> <span class='ocrx_word' id='word_1_290' title='bbox 1782 921 1869 963; x_wconf 90' lang='lat' dir='ltr'><strong>deo</strong></span> 
     </span>
     <span class='ocr_line' id='line_1_64' title="bbox 1065 978 1867 1034; baseline 0.001 -15"><span class='ocrx_word' id='word_1_291' title='bbox 1065 980 1192 1033; x_wconf 89' lang='lat' dir='ltr'><strong>patri,</strong></span> <span class='ocrx_word' id='word_1_292' title='bbox 1213 985 1258 1020; x_wconf 92' lang='lat' dir='ltr'><strong>et</strong></span> <span class='ocrx_word' id='word_1_293' title='bbox 1287 979 1388 1026; x_wconf 86' lang='lat' dir='ltr'><strong>filio,</strong></span> <span class='ocrx_word' id='word_1_294' title='bbox 1412 978 1561 1020; x_wconf 54' lang='lat' dir='ltr'><strong>saneto</strong></span> <span class='ocrx_word' id='word_1_295' title='bbox 1590 979 1713 1020; x_wconf 89' lang='lat' dir='ltr'><strong>fimul</strong></span> <span class='ocrx_word' id='word_1_296' title='bbox 1741 993 1867 1034; x_wconf 88' lang='lat' dir='ltr'><strong>para-</strong></span> 
     </span>
     <span class='ocr_line' id='line_1_65' title="bbox 1063 1036 1868 1091; baseline 0 -13"><span class='ocrx_word' id='word_1_297' title='bbox 1063 1036 1193 1091; x_wconf 88' lang='lat' dir='ltr'><strong>cleto,</strong></span> <span class='ocrx_word' id='word_1_298' title='bbox 1211 1037 1254 1077; x_wconf 91' lang='lat' dir='ltr'><strong>in</strong></span> <span class='ocrx_word' id='word_1_299' title='bbox 1273 1037 1514 1078; x_wconf 91' lang='lat' dir='ltr'><strong>seculorum</strong></span> <span class='ocrx_word' id='word_1_300' title='bbox 1531 1036 1684 1079; x_wconf 89' lang='lat' dir='ltr'><strong>secula.</strong></span> <span class='ocrx_word' id='word_1_301' title='bbox 1706 1037 1868 1079; x_wconf 89' lang='lat' dir='ltr'><strong>Amen.</strong></span> 
     </span>
    </p>

    <p class='ocr_par' dir='ltr' id='par_1_17' title="bbox 1052 1094 1874 2004">
     <span class='ocr_line' id='line_1_66' title="bbox 1123 1094 1874 1148; baseline 0.001 -13"><span class='ocrx_word' id='word_1_302' title='bbox 1123 1095 1369 1136; x_wconf 68' lang='lat' dir='ltr'><strong>Proedic‘ius</strong></span> <span class='ocrx_word' id='word_1_303' title='bbox 1401 1094 1585 1148; x_wconf 70' lang='lat' dir='ltr'><strong>scymnus</strong></span> <span class='ocrx_word' id='word_1_304' title='bbox 1616 1094 1781 1136; x_wconf 88' lang='lat' dir='ltr'><strong>dicitur</strong></span> <span class='ocrx_word' id='word_1_305' title='bbox 1809 1094 1874 1135; x_wconf 89' lang='lat' dir='ltr'><strong>ad</strong></span> 
     </span>
     <span class='ocr_line' id='line_1_67' title="bbox 1066 1152 1868 1211; baseline 0.001 -18"><span class='ocrx_word' id='word_1_306' title='bbox 1066 1153 1331 1211; x_wconf 80' lang='lat' dir='ltr'><strong>matutinum</strong></span> <span class='ocrx_word' id='word_1_307' title='bbox 1353 1152 1479 1206; x_wconf 83' lang='lat' dir='ltr'><strong>vsque</strong></span> <span class='ocrx_word' id='word_1_308' title='bbox 1493 1152 1556 1194; x_wconf 89' lang='lat' dir='ltr'><strong>ad</strong></span> <span class='ocrx_word' id='word_1_309' title='bbox 1572 1152 1774 1206; x_wconf 65' lang='lat' dir='ltr'><strong>vzgilmm</strong></span> <span class='ocrx_word' id='word_1_310' title='bbox 1791 1166 1868 1194; x_wconf 88' lang='lat' dir='ltr'><strong>na-</strong></span> 
     </span>
     <span class='ocr_line' id='line_1_68' title="bbox 1066 1209 1869 1264; baseline 0.001 -13"><span class='ocrx_word' id='word_1_311' title='bbox 1066 1210 1258 1252; x_wconf 86' lang='lat' dir='ltr'><strong>tiuitatis</strong></span> <span class='ocrx_word' id='word_1_312' title='bbox 1279 1210 1480 1264; x_wconf 82' lang='lat' dir='ltr'><strong>inclustue</strong></span> <span class='ocrx_word' id='word_1_313' title='bbox 1499 1217 1589 1251; x_wconf 86' lang='lat' dir='ltr'><strong>tam</strong></span> <span class='ocrx_word' id='word_1_314' title='bbox 1611 1210 1658 1251; x_wconf 89' lang='lat' dir='ltr'><strong>in</strong></span> <span class='ocrx_word' id='word_1_315' title='bbox 1682 1209 1869 1252; x_wconf 84' lang='lat' dir='ltr'><strong>domini-</strong></span> 
     </span>
     <span class='ocr_line' id='line_1_69' title="bbox 1064 1268 1872 1322; baseline 0.001 -14"><span class='ocrx_word' id='word_1_316' title='bbox 1064 1268 1135 1318; x_wconf 76' lang='lat' dir='ltr'><strong>cis,</strong></span> <span class='ocrx_word' id='word_1_317' title='bbox 1156 1282 1286 1322; x_wconf 83' lang='lat' dir='ltr'><strong>quam</strong></span> <span class='ocrx_word' id='word_1_318' title='bbox 1310 1268 1355 1309; x_wconf 88' lang='lat' dir='ltr'><strong>in</strong></span> <span class='ocrx_word' id='word_1_319' title='bbox 1365 1268 1513 1322; x_wconf 85' lang='lat' dir='ltr'><strong>serijs,</strong></span> <span class='ocrx_word' id='word_1_320' title='bbox 1537 1268 1619 1321; x_wconf 75' lang='lat' dir='ltr'><strong>mfi</strong></span> <span class='ocrx_word' id='word_1_321' title='bbox 1637 1275 1801 1322; x_wconf 79' lang='lat' dir='ltr'><strong>agatur</strong></span> <span class='ocrx_word' id='word_1_322' title='bbox 1817 1268 1872 1309; x_wconf 90' lang='lat' dir='ltr'><strong>de</strong></span> 
     </span>
     <span class='ocr_line' id='line_1_70' title="bbox 1052 1325 1872 1380; baseline 0.001 -14"><span class='ocrx_word' id='word_1_323' title='bbox 1052 1326 1218 1378; x_wconf 61' lang='lat' dir='ltr'><strong>fimeto.</strong></span> <span class='ocrx_word' id='word_1_324' title='bbox 1269 1326 1375 1380; x_wconf 83' lang='lat' dir='ltr'><strong>Post</strong></span> <span class='ocrx_word' id='word_1_325' title='bbox 1389 1326 1595 1379; x_wconf 80' lang='lat' dir='ltr'><strong>lzymnmn</strong></span> <span class='ocrx_word' id='word_1_326' title='bbox 1623 1325 1872 1367; x_wconf 83' lang='lat' dir='ltr'><strong>immediate</strong></span> 
     </span>
     <span class='ocr_line' id='line_1_71' title="bbox 1064 1383 1868 1437; baseline 0.001 -13"><span class='ocrx_word' id='word_1_327' title='bbox 1064 1383 1271 1425; x_wconf 83' lang='lat' dir='ltr'><strong>dicuntur</strong></span> <span class='ocrx_word' id='word_1_328' title='bbox 1290 1390 1375 1425; x_wconf 83' lang='lat' dir='ltr'><strong>tres</strong></span> <span class='ocrx_word' id='word_1_329' title='bbox 1390 1384 1566 1437; x_wconf 80' lang='lat' dir='ltr'><strong>psalmi.</strong></span> <span class='ocrx_word' id='word_1_330' title='bbox 1589 1390 1640 1425; x_wconf 87' lang='lat' dir='ltr'><strong>vt</strong></span> <span class='ocrx_word' id='word_1_331' title='bbox 1651 1384 1764 1437; x_wconf 88' lang='lat' dir='ltr'><strong>sunt</strong></span> <span class='ocrx_word' id='word_1_332' title='bbox 1780 1383 1868 1437; x_wconf 88' lang='lat' dir='ltr'><strong>dis-</strong></span> 
     </span>
     <span class='ocr_line' id='line_1_72' title="bbox 1065 1441 1871 1497; baseline 0.002 -15"><span class='ocrx_word' id='word_1_333' title='bbox 1065 1441 1222 1483; x_wconf 84' lang='lat' dir='ltr'><strong>tributi</strong></span> <span class='ocrx_word' id='word_1_334' title='bbox 1240 1442 1287 1483; x_wconf 89' lang='lat' dir='ltr'><strong>in</strong></span> <span class='ocrx_word' id='word_1_335' title='bbox 1305 1441 1523 1495; x_wconf 86' lang='lat' dir='ltr'><strong>psalterio,</strong></span> <span class='ocrx_word' id='word_1_336' title='bbox 1545 1442 1699 1495; x_wconf 85' lang='lat' dir='ltr'><strong>quibus</strong></span> <span class='ocrx_word' id='word_1_337' title='bbox 1716 1442 1871 1497; x_wconf 84' lang='lat' dir='ltr'><strong>finitis</strong></span> 
     </span>
     <span class='ocr_line' id='line_1_73' title="bbox 1063 1497 1869 1544; baseline 0.002 -4"><span class='ocrx_word' id='word_1_338' title='bbox 1063 1499 1236 1542; x_wconf 63' lang='lat' dir='ltr'><strong>dieitur.</strong></span> <span class='ocrx_word' id='word_1_339' title='bbox 1283 1501 1414 1541; x_wconf 90' lang='lat' dir='ltr'><strong>Pater</strong></span> <span class='ocrx_word' id='word_1_340' title='bbox 1434 1497 1606 1542; x_wconf 79' lang='lat' dir='ltr'><strong>noster.⁴</strong></span> <span class='ocrx_word' id='word_1_341' title='bbox 1659 1499 1705 1544; x_wconf 81' lang='lat' dir='ltr'><strong>V,</strong></span> <span class='ocrx_word' id='word_1_342' title='bbox 1730 1500 1790 1542; x_wconf 88' lang='lat' dir='ltr'><strong>Et</strong></span> <span class='ocrx_word' id='word_1_343' title='bbox 1811 1513 1869 1542; x_wconf 88' lang='lat' dir='ltr'><strong>ne</strong></span> 
     </span>
     <span class='ocr_line' id='line_1_74' title="bbox 1064 1557 1870 1599; baseline 0.001 -1"><span class='ocrx_word' id='word_1_344' title='bbox 1064 1570 1157 1599; x_wconf 86' lang='lat' dir='ltr'><strong>nos.</strong></span> <span class='ocrx_word' id='word_1_345' title='bbox 1204 1558 1259 1599; x_wconf 82' lang='lat' dir='ltr'><strong>R.</strong></span> <span class='ocrx_word' id='word_1_346' title='bbox 1296 1557 1386 1599; x_wconf 86' lang='lat' dir='ltr'><strong>Sed</strong></span> <span class='ocrx_word' id='word_1_347' title='bbox 1410 1557 1546 1598; x_wconf 90' lang='lat' dir='ltr'><strong>libera</strong></span> <span class='ocrx_word' id='word_1_348' title='bbox 1567 1571 1658 1599; x_wconf 91' lang='lat' dir='ltr'><strong>nos.</strong></span> <span class='ocrx_word' id='word_1_349' title='bbox 1698 1557 1870 1599; x_wconf 87' lang='lat' dir='ltr'><strong>Deinde</strong></span> 
     </span>
     <span class='ocr_line' id='line_1_75' title="bbox 1063 1615 1871 1665; baseline 0.001 -9"><span class='ocrx_word' id='word_1_350' title='bbox 1063 1615 1272 1656; x_wconf 85' lang='lat' dir='ltr'><strong>dicuntur</strong></span> <span class='ocrx_word' id='word_1_351' title='bbox 1296 1621 1382 1656; x_wconf 84' lang='lat' dir='ltr'><strong>tres</strong></span> <span class='ocrx_word' id='word_1_352' title='bbox 1411 1615 1614 1665; x_wconf 58' lang='lat' dir='ltr'><strong>ledianes,</strong></span> <span class='ocrx_word' id='word_1_353' title='bbox 1634 1621 1675 1656; x_wconf 89' lang='lat' dir='ltr'><strong>et</strong></span> <span class='ocrx_word' id='word_1_354' title='bbox 1699 1615 1871 1657; x_wconf 85' lang='lat' dir='ltr'><strong>cuilibet</strong></span> 
     </span>
     <span class='ocr_line' id='line_1_76' title="bbox 1053 1672 1867 1726; baseline 0 -12"><span class='ocrx_word' id='word_1_355' title='bbox 1053 1672 1355 1726; x_wconf 80' lang='lat' dir='ltr'><strong>proemittitur.</strong></span> <span class='ocrx_word' id='word_1_356' title='bbox 1434 1672 1480 1715; x_wconf 89' lang='lat' dir='ltr'><strong>V.</strong></span> <span class='ocrx_word' id='word_1_357' title='bbox 1529 1673 1640 1714; x_wconf 92' lang='lat' dir='ltr'><strong>Iube</strong></span> <span class='ocrx_word' id='word_1_358' title='bbox 1687 1673 1867 1715; x_wconf 90' lang='lat' dir='ltr'><strong>domine</strong></span> 
     </span>
     <span class='ocr_line' id='line_1_77' title="bbox 1065 1730 1871 1785; baseline 0 -13"><span class='ocrx_word' id='word_1_359' title='bbox 1065 1730 1333 1784; x_wconf 76' lang='lat' dir='ltr'><strong>benedicere.</strong></span> <span class='ocrx_word' id='word_1_360' title='bbox 1384 1730 1453 1771; x_wconf 89' lang='lat' dir='ltr'><strong>Et</strong></span> <span class='ocrx_word' id='word_1_361' title='bbox 1469 1730 1533 1771; x_wconf 89' lang='lat' dir='ltr'><strong>ad</strong></span> <span class='ocrx_word' id='word_1_362' title='bbox 1543 1730 1756 1783; x_wconf 83' lang='lat' dir='ltr'><strong>primam,</strong></span> <span class='ocrx_word' id='word_1_363' title='bbox 1776 1744 1871 1785; x_wconf 79' lang='lat' dir='ltr'><strong>quae</strong></span> 
     </span>
     <span class='ocr_line' id='line_1_78' title="bbox 1052 1787 1869 1843; baseline 0.001 -14"><span class='ocrx_word' id='word_1_364' title='bbox 1052 1787 1223 1842; x_wconf 80' lang='lat' dir='ltr'><strong>semper</strong></span> <span class='ocrx_word' id='word_1_365' title='bbox 1243 1788 1304 1843; x_wconf 76' lang='lat' dir='ltr'><strong>est</strong></span> <span class='ocrx_word' id='word_1_366' title='bbox 1319 1789 1473 1830; x_wconf 84' lang='lat' dir='ltr'><strong>veteris</strong></span> <span class='ocrx_word' id='word_1_367' title='bbox 1496 1789 1740 1843; x_wconf 70' lang='lat' dir='ltr'><strong>testamenti,</strong></span> <span class='ocrx_word' id='word_1_368' title='bbox 1761 1789 1869 1830; x_wconf 87' lang='lat' dir='ltr'><strong>dici-</strong></span> 
     </span>
     <span class='ocr_line' id='line_1_79' title="bbox 1065 1845 1867 1900; baseline 0.001 -13"><span class='ocrx_word' id='word_1_369' title='bbox 1065 1852 1150 1889; x_wconf 88' lang='lat' dir='ltr'><strong>tur.</strong></span> <span class='ocrx_word' id='word_1_370' title='bbox 1180 1845 1434 1888; x_wconf 56' lang='lat' dir='ltr'><strong>Benedictio.</strong></span> <span class='ocrx_word' id='word_1_371' title='bbox 1478 1847 1602 1888; x_wconf 90' lang='lat' dir='ltr'><strong>Deus</strong></span> <span class='ocrx_word' id='word_1_372' title='bbox 1623 1853 1751 1900; x_wconf 88' lang='lat' dir='ltr'><strong>pater</strong></span> <span class='ocrx_word' id='word_1_373' title='bbox 1770 1860 1867 1888; x_wconf 90' lang='lat' dir='ltr'><strong>om-</strong></span> 
     </span>
     <span class='ocr_line' id='line_1_80' title="bbox 1065 1904 1866 1959; baseline 0.002 -14"><span class='ocrx_word' id='word_1_374' title='bbox 1065 1904 1271 1958; x_wconf 90' lang='lat' dir='ltr'><strong>nipotens</strong></span> <span class='ocrx_word' id='word_1_375' title='bbox 1307 1904 1357 1945; x_wconf 79' lang='lat' dir='ltr'><strong>sit</strong></span> <span class='ocrx_word' id='word_1_376' title='bbox 1393 1904 1521 1945; x_wconf 88' lang='lat' dir='ltr'><strong>nobis</strong></span> <span class='ocrx_word' id='word_1_377' title='bbox 1561 1905 1780 1959; x_wconf 87' lang='lat' dir='ltr'><strong>propitius</strong></span> <span class='ocrx_word' id='word_1_378' title='bbox 1820 1910 1866 1947; x_wconf 92' lang='lat' dir='ltr'><strong>et</strong></span> 
     </span>
     <span class='ocr_line' id='line_1_81' title="bbox 1064 1961 1590 2004; baseline 0.002 -1"><span class='ocrx_word' id='word_1_379' title='bbox 1064 1961 1269 2004; x_wconf 89' lang='lat' dir='ltr'><strong>clemens.</strong></span> <span class='ocrx_word' id='word_1_380' title='bbox 1329 1962 1384 2003; x_wconf 88' lang='lat' dir='ltr'><strong>R.</strong></span> <span class='ocrx_word' id='word_1_381' title='bbox 1426 1962 1590 2004; x_wconf 90' lang='lat' dir='ltr'><strong>Amen.</strong></span> 
     </span>
    </p>

    <p class='ocr_par' dir='ltr' id='par_1_18' title="bbox 1065 2039 1866 2191">
     <span class='ocr_line' id='line_1_82' title="bbox 1065 2039 1866 2097; baseline 0.002 -15"><span class='ocrx_word' id='word_1_382' title='bbox 1065 2043 1110 2089; x_wconf 73' lang='lat' dir='ltr'><strong>(I</strong></span> <span class='ocrx_word' id='word_1_383' title='bbox 1129 2040 1290 2094; x_wconf 87' lang='lat' dir='ltr'><strong>Incipit</strong></span> <span class='ocrx_word' id='word_1_384' title='bbox 1293 2040 1518 2095; x_wconf 74' lang='lat' dir='ltr'><strong>prophetia</strong></span> <span class='ocrx_word' id='word_1_385' title='bbox 1535 2040 1663 2094; x_wconf 79' lang='lat' dir='ltr'><strong>isaioe.</strong></span> <span class='ocrx_word' id='word_1_386' title='bbox 1681 2040 1800 2083; x_wconf 67' lang='lat' dir='ltr'><strong>let&#39;t&#39;io</strong></span> <span class='ocrx_word' id='word_1_387' title='bbox 1810 2039 1866 2097; x_wconf 55' lang='lat' dir='ltr'><strong>j?</strong></span> 
     </span>
     <span class='ocr_line' id='line_1_83' title="bbox 1066 2108 1866 2191; baseline 0.001 -41"><span class='ocrx_word' id='word_1_388' title='bbox 1066 2108 1238 2191; x_wconf 78' lang='lat' dir='ltr'><strong>Vlsio</strong></span> <span class='ocrx_word' id='word_1_389' title='bbox 1278 2108 1393 2150; x_wconf 79' lang='lat' dir='ltr'><strong>isaiae</strong></span> <span class='ocrx_word' id='word_1_390' title='bbox 1433 2108 1509 2163; x_wconf 91' lang='lat' dir='ltr'><strong>filij</strong></span> <span class='ocrx_word' id='word_1_391' title='bbox 1554 2122 1691 2159; x_wconf 89' lang='lat' dir='ltr'><strong>amos,</strong></span> <span class='ocrx_word' id='word_1_392' title='bbox 1730 2122 1866 2164; x_wconf 87' lang='lat' dir='ltr'><strong>quarn</strong></span> 
     </span>
    </p>

    <p class='ocr_par' dir='ltr' id='par_1_19' title="bbox 1061 2166 1868 2914">
     <span class='ocr_line' id='line_1_84' title="bbox 1180 2166 1868 2220; baseline 0.003 -13"><span class='ocrx_word' id='word_1_393' title='bbox 1180 2166 1293 2208; x_wconf 90' lang='lat' dir='ltr'><strong>vidit</strong></span> <span class='ocrx_word' id='word_1_394' title='bbox 1320 2166 1447 2220; x_wconf 89' lang='lat' dir='ltr'><strong>super</strong></span> <span class='ocrx_word' id='word_1_395' title='bbox 1473 2167 1624 2208; x_wconf 88' lang='lat' dir='ltr'><strong>iudam</strong></span> <span class='ocrx_word' id='word_1_396' title='bbox 1652 2172 1698 2209; x_wconf 91' lang='lat' dir='ltr'><strong>et</strong></span> <span class='ocrx_word' id='word_1_397' title='bbox 1723 2166 1868 2209; x_wconf 85' lang='lat' dir='ltr'><strong>hieru-</strong></span> 
     </span>
     <span class='ocr_line' id='line_1_85' title="bbox 1064 2223 1866 2275; baseline 0.001 -10"><span class='ocrx_word' id='word_1_398' title='bbox 1064 2223 1196 2266; x_wconf 88' lang='lat' dir='ltr'><strong>salem</strong></span> <span class='ocrx_word' id='word_1_399' title='bbox 1226 2225 1270 2265; x_wconf 90' lang='lat' dir='ltr'><strong>in</strong></span> <span class='ocrx_word' id='word_1_400' title='bbox 1295 2225 1453 2266; x_wconf 89' lang='lat' dir='ltr'><strong>diebus</strong></span> <span class='ocrx_word' id='word_1_401' title='bbox 1479 2224 1615 2275; x_wconf 82' lang='lat' dir='ltr'><strong>Oziae,</strong></span> <span class='ocrx_word' id='word_1_402' title='bbox 1647 2224 1866 2275; x_wconf 87' lang='lat' dir='ltr'><strong>Ioatham,</strong></span> 
     </span>
     <span class='ocr_line' id='line_1_86' title="bbox 1065 2281 1865 2337; baseline 0.003 -13"><span class='ocrx_word' id='word_1_403' title='bbox 1065 2281 1231 2332; x_wconf 62' lang='lat' dir='ltr'><strong>achazss,</strong></span> <span class='ocrx_word' id='word_1_404' title='bbox 1253 2288 1298 2324; x_wconf 92' lang='lat' dir='ltr'><strong>et</strong></span> <span class='ocrx_word' id='word_1_405' title='bbox 1325 2282 1542 2332; x_wconf 84' lang='lat' dir='ltr'><strong>Ezechiae,</strong></span> <span class='ocrx_word' id='word_1_406' title='bbox 1563 2296 1717 2337; x_wconf 88' lang='lat' dir='ltr'><strong>regum</strong></span> <span class='ocrx_word' id='word_1_407' title='bbox 1740 2283 1865 2326; x_wconf 87' lang='lat' dir='ltr'><strong>Iuda.</strong></span> 
     </span>
     <span class='ocr_line' id='line_1_87' title="bbox 1063 2339 1867 2395; baseline 0.002 -14"><span class='ocrx_word' id='word_1_408' title='bbox 1063 2340 1235 2382; x_wconf 89' lang='lat' dir='ltr'><strong>Audite</strong></span> <span class='ocrx_word' id='word_1_409' title='bbox 1261 2339 1374 2390; x_wconf 90' lang='lat' dir='ltr'><strong>coeli,</strong></span> <span class='ocrx_word' id='word_1_410' title='bbox 1402 2346 1447 2382; x_wconf 92' lang='lat' dir='ltr'><strong>et</strong></span> <span class='ocrx_word' id='word_1_411' title='bbox 1479 2341 1658 2382; x_wconf 87' lang='lat' dir='ltr'><strong>auribus</strong></span> <span class='ocrx_word' id='word_1_412' title='bbox 1689 2340 1867 2395; x_wconf 88' lang='lat' dir='ltr'><strong>percipe</strong></span> 
     </span>
     <span class='ocr_line' id='line_1_88' title="bbox 1062 2398 1866 2452; baseline 0 -12"><span class='ocrx_word' id='word_1_413' title='bbox 1062 2404 1189 2447; x_wconf 86' lang='lat' dir='ltr'><strong>terra,</strong></span> <span class='ocrx_word' id='word_1_414' title='bbox 1218 2398 1429 2452; x_wconf 85' lang='lat' dir='ltr'><strong>quoniam</strong></span> <span class='ocrx_word' id='word_1_415' title='bbox 1458 2398 1666 2440; x_wconf 85' lang='lat' dir='ltr'><strong>dominus</strong></span> <span class='ocrx_word' id='word_1_416' title='bbox 1693 2398 1866 2440; x_wconf 89' lang='lat' dir='ltr'><strong>locutus</strong></span> 
     </span>
     <span class='ocr_line' id='line_1_89' title="bbox 1064 2455 1868 2506; baseline 0 -8"><span class='ocrx_word' id='word_1_417' title='bbox 1064 2456 1136 2506; x_wconf 89' lang='lat' dir='ltr'><strong>est,</strong></span> <span class='ocrx_word' id='word_1_418' title='bbox 1167 2456 1303 2497; x_wconf 89' lang='lat' dir='ltr'><strong>Filios</strong></span> <span class='ocrx_word' id='word_1_419' title='bbox 1332 2456 1533 2506; x_wconf 88' lang='lat' dir='ltr'><strong>enutriui,</strong></span> <span class='ocrx_word' id='word_1_420' title='bbox 1558 2462 1603 2498; x_wconf 91' lang='lat' dir='ltr'><strong>et</strong></span> <span class='ocrx_word' id='word_1_421' title='bbox 1630 2455 1828 2498; x_wconf 87' lang='lat' dir='ltr'><strong>exaltaui</strong></span> <span class='ocrx_word' id='word_1_422' title='bbox 1857 2471 1868 2499; x_wconf 70' lang='grc' dir='ltr'><strong><em>ε</em></strong></span> 
     </span>
     <span class='ocr_line' id='line_1_90' title="bbox 1064 2513 1868 2568; baseline 0 -13"><span class='ocrx_word' id='word_1_423' title='bbox 1064 2514 1139 2568; x_wconf 89' lang='lat' dir='ltr'><strong>ips1</strong></span> <span class='ocrx_word' id='word_1_424' title='bbox 1162 2520 1312 2556; x_wconf 87' lang='lat' dir='ltr'><strong>autem</strong></span> <span class='ocrx_word' id='word_1_425' title='bbox 1334 2513 1589 2568; x_wconf 89' lang='lat' dir='ltr'><strong>spreuerunt</strong></span> <span class='ocrx_word' id='word_1_426' title='bbox 1610 2527 1691 2556; x_wconf 90' lang='lat' dir='ltr'><strong>me.</strong></span> <span class='ocrx_word' id='word_1_427' title='bbox 1749 2514 1868 2568; x_wconf 87' lang='lat' dir='ltr'><strong>Cog-</strong></span> 
     </span>
     <span class='ocr_line' id='line_1_91' title="bbox 1065 2571 1867 2626; baseline 0.001 -13"><span class='ocrx_word' id='word_1_428' title='bbox 1065 2572 1191 2613; x_wconf 90' lang='lat' dir='ltr'><strong>nouit</strong></span> <span class='ocrx_word' id='word_1_429' title='bbox 1227 2573 1307 2613; x_wconf 91' lang='lat' dir='ltr'><strong>bos</strong></span> <span class='ocrx_word' id='word_1_430' title='bbox 1342 2571 1618 2626; x_wconf 88' lang='lat' dir='ltr'><strong>possessorem</strong></span> <span class='ocrx_word' id='word_1_431' title='bbox 1652 2571 1787 2622; x_wconf 92' lang='lat' dir='ltr'><strong>suum,</strong></span> <span class='ocrx_word' id='word_1_432' title='bbox 1821 2577 1867 2614; x_wconf 88' lang='lat' dir='ltr'><strong>et</strong></span> 
     </span>
     <span class='ocr_line' id='line_1_92' title="bbox 1062 2629 1864 2684; baseline 0 -13"><span class='ocrx_word' id='word_1_433' title='bbox 1062 2630 1204 2671; x_wconf 79' lang='lat' dir='ltr'><strong>aslnuS</strong></span> <span class='ocrx_word' id='word_1_434' title='bbox 1225 2629 1417 2684; x_wconf 65' lang='lat' dir='ltr'><strong>praesepe</strong></span> <span class='ocrx_word' id='word_1_435' title='bbox 1437 2630 1606 2671; x_wconf 90' lang='lat' dir='ltr'><strong>domini</strong></span> <span class='ocrx_word' id='word_1_436' title='bbox 1624 2629 1684 2670; x_wconf 90' lang='lat' dir='ltr'><strong>sui</strong></span> <span class='ocrx_word' id='word_1_437' title='bbox 1710 2645 1719 2671; x_wconf 93' lang='lat'>:</span> <span class='ocrx_word' id='word_1_438' title='bbox 1740 2629 1864 2671; x_wconf 87' lang='lat' dir='ltr'><strong>israel</strong></span> 
     </span>
     <span class='ocr_line' id='line_1_93' title="bbox 1064 2687 1867 2742; baseline 0.001 -14"><span class='ocrx_word' id='word_1_439' title='bbox 1064 2694 1213 2729; x_wconf 88' lang='lat' dir='ltr'><strong>autem</strong></span> <span class='ocrx_word' id='word_1_440' title='bbox 1253 2701 1342 2728; x_wconf 92' lang='lat' dir='ltr'><strong>non</strong></span> <span class='ocrx_word' id='word_1_441' title='bbox 1384 2687 1608 2740; x_wconf 85' lang='lat' dir='ltr'><strong>cognouit,</strong></span> <span class='ocrx_word' id='word_1_442' title='bbox 1640 2692 1686 2728; x_wconf 91' lang='lat' dir='ltr'><strong>et</strong></span> <span class='ocrx_word' id='word_1_443' title='bbox 1725 2701 1867 2742; x_wconf 89' lang='lat' dir='ltr'><strong>popu-</strong></span> 
     </span>
     <span class='ocr_line' id='line_1_94' title="bbox 1064 2745 1866 2787; baseline 0.001 -1"><span class='ocrx_word' id='word_1_444' title='bbox 1064 2745 1130 2787; x_wconf 89' lang='lat' dir='ltr'><strong>lus</strong></span> <span class='ocrx_word' id='word_1_445' title='bbox 1177 2759 1300 2786; x_wconf 91' lang='lat' dir='ltr'><strong>meus</strong></span> <span class='ocrx_word' id='word_1_446' title='bbox 1345 2758 1434 2786; x_wconf 92' lang='lat' dir='ltr'><strong>non</strong></span> <span class='ocrx_word' id='word_1_447' title='bbox 1481 2745 1714 2787; x_wconf 86' lang='lat' dir='ltr'><strong>intellexit.</strong></span> <span class='ocrx_word' id='word_1_448' title='bbox 1781 2745 1866 2787; x_wconf 88' lang='lat' dir='ltr'><strong>Vae</strong></span> 
     </span>
     <span class='ocr_line' id='line_1_95' title="bbox 1061 2802 1868 2857; baseline -0.001 -13"><span class='ocrx_word' id='word_1_449' title='bbox 1061 2803 1184 2857; x_wconf 86' lang='lat' dir='ltr'><strong>genti</strong></span> <span class='ocrx_word' id='word_1_450' title='bbox 1201 2803 1445 2856; x_wconf 88' lang='lat' dir='ltr'><strong>peccatrici,</strong></span> <span class='ocrx_word' id='word_1_451' title='bbox 1461 2802 1627 2856; x_wconf 91' lang='lat' dir='ltr'><strong>populo</strong></span> <span class='ocrx_word' id='word_1_452' title='bbox 1643 2803 1768 2856; x_wconf 85' lang='lat' dir='ltr'><strong>graui</strong></span> <span class='ocrx_word' id='word_1_453' title='bbox 1784 2802 1868 2844; x_wconf 87' lang='lat' dir='ltr'><strong>ini-</strong></span> 
     </span>
     <span class='ocr_line' id='line_1_96' title="bbox 1061 2859 1868 2914; baseline 0.001 -13"><span class='ocrx_word' id='word_1_454' title='bbox 1061 2861 1243 2914; x_wconf 89' lang='lat' dir='ltr'><strong>quitate,</strong></span> <span class='ocrx_word' id='word_1_455' title='bbox 1260 2860 1410 2901; x_wconf 89' lang='lat' dir='ltr'><strong>semini</strong></span> <span class='ocrx_word' id='word_1_456' title='bbox 1432 2873 1635 2913; x_wconf 88' lang='lat' dir='ltr'><strong>nequam,</strong></span> <span class='ocrx_word' id='word_1_457' title='bbox 1658 2859 1758 2914; x_wconf 91' lang='lat' dir='ltr'><strong>filijs</strong></span> <span class='ocrx_word' id='word_1_458' title='bbox 1779 2860 1868 2902; x_wconf 88' lang='lat' dir='ltr'><strong>sce-</strong></span> 
     </span>
    </p>

    <p class='ocr_par' dir='ltr' id='par_1_20' title="bbox 1130 2931 1864 2979">
     <span class='ocr_line' id='line_1_97' title="bbox 1130 2931 1864 2979; baseline 0.003 -11"><span class='ocrx_word' id='word_1_459' title='bbox 1130 2933 1145 2955; x_wconf 78' lang='lat'><em>5</em></span> <span class='ocrx_word' id='word_1_460' title='bbox 1169 2944 1250 2978; x_wconf 89' lang='lat' dir='ltr'><strong>cap.</strong></span> <span class='ocrx_word' id='word_1_461' title='bbox 1281 2943 1310 2967; x_wconf 90' lang='lat'><strong>1.</strong></span> <span class='ocrx_word' id='word_1_462' title='bbox 1336 2934 1378 2967; x_wconf 85' lang='lat' dir='ltr'><strong>in</strong></span> <span class='ocrx_word' id='word_1_463' title='bbox 1404 2933 1576 2979; x_wconf 76' lang='lat' dir='ltr'><strong>margine</strong></span> <span class='ocrx_word' id='word_1_464' title='bbox 1599 2934 1671 2968; x_wconf 90' lang='lat' dir='ltr'><strong>:R.</strong></span> <span class='ocrx_word' id='word_1_465' title='bbox 1689 2934 1734 2968; x_wconf 91' lang='lat' dir='ltr'><strong>V.</strong></span> <span class='ocrx_word' id='word_1_466' title='bbox 1753 2933 1798 2968; x_wconf 92' lang='lat' dir='ltr'><strong>A.</strong></span> <span class='ocrx_word' id='word_1_467' title='bbox 1823 2931 1864 2978; x_wconf 85' lang='lat' dir='ltr'><strong>[i.</strong></span> 
     </span>
    </p>
   </div>
   <div class='ocr_carea' id='block_1_9' title="bbox 1066 2981 1864 3026">
    <p class='ocr_par' dir='ltr' id='par_1_21' title="bbox 1066 2981 1864 3026">
     <span class='ocr_line' id='line_1_98' title="bbox 1066 2981 1864 3026; baseline 0.001 -11"><span class='ocrx_word' id='word_1_468' title='bbox 1066 2988 1188 3024; x_wconf 85' lang='lat'><strong>1—15.</strong></span> <span class='ocrx_word' id='word_1_469' title='bbox 1223 2981 1310 3014; x_wconf 82' lang='lat' dir='ltr'><strong>Has</strong></span> <span class='ocrx_word' id='word_1_470' title='bbox 1326 2981 1479 3025; x_wconf 87' lang='lat' dir='ltr'><strong>priores</strong></span> <span class='ocrx_word' id='word_1_471' title='bbox 1501 2981 1674 3015; x_wconf 84' lang='lat' dir='ltr'><strong>lectiones</strong></span> <span class='ocrx_word' id='word_1_472' title='bbox 1684 2981 1777 3026; x_wconf 83' lang='lat' dir='ltr'><strong>fuse</strong></span> <span class='ocrx_word' id='word_1_473' title='bbox 1797 2981 1864 3016; x_wconf 86' lang='lat' dir='ltr'><strong>da-</strong></span> 
     </span>
    </p>
   </div>
   <div class='ocr_carea' id='block_1_10' title="bbox 1062 3025 1761 3110">
    <p class='ocr_par' dir='ltr' id='par_1_22' title="bbox 1062 3025 1761 3110">
     <span class='ocr_line' id='line_1_99' title="bbox 1062 3025 1761 3073; baseline 0.001 -12"><span class='ocrx_word' id='word_1_474' title='bbox 1062 3038 1154 3062; x_wconf 79' lang='lat' dir='ltr'><strong>mus.</strong></span> <span class='ocrx_word' id='word_1_475' title='bbox 1185 3027 1272 3062; x_wconf 85' lang='lat' dir='ltr'><strong>vide</strong></span> <span class='ocrx_word' id='word_1_476' title='bbox 1279 3027 1545 3072; x_wconf 79' lang='lat' dir='ltr'><strong>proesationem</strong></span> <span class='ocrx_word' id='word_1_477' title='bbox 1563 3025 1761 3073; x_wconf 63' lang='lat' dir='ltr'><strong>nostram]</strong></span> 
     </span>
     <span class='ocr_line' id='line_1_100' title="bbox 1135 3074 1464 3110; baseline 0 -1"><span class='ocrx_word' id='word_1_478' title='bbox 1135 3074 1150 3094; x_wconf 74' lang='lat'><em>⁶</em></span> <span class='ocrx_word' id='word_1_479' title='bbox 1174 3075 1308 3109; x_wconf 84' lang='lat' dir='ltr'><strong>Achan</strong></span> <span class='ocrx_word' id='word_1_480' title='bbox 1328 3087 1335 3110; x_wconf 75' lang='grc' dir='ltr'>ε</span> <span class='ocrx_word' id='word_1_481' title='bbox 1362 3075 1400 3109; x_wconf 92' lang='grc' dir='ltr'><strong>Ρ.</strong></span> <span class='ocrx_word' id='word_1_482' title='bbox 1419 3075 1464 3109; x_wconf 92' lang='grc' dir='ltr'><strong>Α.</strong></span> 
     </span>
    </p>
   </div>
  </div>
 </body>
</html>
