2066 3392
534 810 616 852 AD
650 810 901 854 SANCTISS.
936 811 1144 854 PATREM
1178 821 1248 854 ET.
1283 812 1337 854 D.
1372 812 1428 854 N.

644 948 859 988 PAVLVM.
894 947 980 990 III.
1014 948 1163 990 PONT.
1197 948 1329 990 MAx.

586 1085 857 1128 FRANCISCI
891 1084 1176 1140 QVIGNONH
1208 1085 1313 1128 TIT.
1347 1085 1391 1128 S.

531 1220 714 1263 CRVCIs
760 1229 816 1261 IN
866 1221 1024 1263 IERvs.
1071 1219 1229 1263 PREB.¹
1271 1221 1425 1264 CARD.

646 1364 700 1396 IN
736 1356 1058 1397 BREVIARIVM
1092 1356 1328 1398 PROXIME

837 1492 1147 1535 CONFECTVM

842 1629 1141 1670 PRAEFATIO.

318 1750 374 1818 *f
408 1802 419 1826 ,
439 1766 650 1822 Ogitanti
671 1766 779 1809 mihi
801 1773 928 1822 pater
949 1765 1207 1809 sanctissime
1224 1772 1359 1823 atque
1375 1767 1525 1810 animo
1543 1768 1761 1823 repetenti

265 1790 439 1929 ,ss‘gd-‘fj
502 1837 627 1878 initia
662 1836 821 1878 veteris
853 1835 1050 1886 instituti,
1075 1850 1165 1891 quo
1197 1836 1412 1878 sancitum
1444 1837 1517 1888 est,
1541 1843 1591 1879 vt
1616 1836 1761 1878 clerici

300 1861 440 1965 §Ji
502 1905 630 1947 sacris
671 1906 846 1955 initiati,
875 1905 945 1947 vel
980 1904 1233 1947 sacerdotiis
1270 1906 1553 1960 praesldentes
1584 1905 1762 1960 fingulis

368 1963 432 1966 η-
501 1974 658 2016 diebus
694 1974 926 2029 perlegant
961 1973 1158 2015 horarias
1191 1988 1356 2028 preces,
1377 1989 1489 2029 quas
1525 1975 1763 2016 canonicas

215 2042 348 2084 etiam
380 2043 671 2099 appellamus,
703 2050 794 2085 tres
826 2044 1012 2086 omnino
1045 2043 1185 2085 causae
1220 2041 1429 2097 speaatae
1465 2043 1587 2085 fuisse
1622 2043 1762 2085 videri

215 2110 364 2155 solent.
425 2113 626 2169 Quarum
658 2128 711 2156 ea
742 2114 885 2169 prima
913 2114 987 2163 est,
1016 2113 1136 2168 quod
1169 2127 1269 2155 cum
1304 2114 1451 2155 caeteri
1483 2113 1686 2155 homines
1718 2114 1763 2154 in

216 2193 392 2236 quaque
422 2183 603 2225 ciuitate
634 2189 711 2225 aut
745 2183 868 2224 suurn
910 2182 1095 2237 quisque
1136 2183 1372 2236 negocium
1407 2188 1556 2237 agant,
1590 2188 1667 2224 aut
1705 2179 1765 2223 in’

219 2247 464 2304 Republica
494 2251 840 2293 administranda
862 2251 942 2292 s1nt
969 2251 1186 2305 occupati,
1208 2250 1376 2292 clericis
1408 2265 1466 2292 ex
1499 2265 1552 2292 eo
1580 2250 1761 2299 vocatis,

217 2322 264 2359 vt
297 2317 600 2374 Hieronymus
630 2320 824 2370 testatur,
856 2320 976 2374 quod
1010 2319 1066 2361 de
1108 2319 1219 2361 sorte
1260 2319 1429 2361 domini
1472 2319 1565 2368 fint,
1598 2319 1764 2374 quique

218 2386 344 2429 bonis
376 2389 670 2431 ecclefiasticis
702 2389 890 2440 aluntur,
913 2389 997 2430 hoc
1023 2389 1290 2443 potissimum
1319 2388 1554 2443 negocium
1587 2389 1762 2440 diuinis,

219 2461 262 2497 et
282 2456 486 2499 humanis
504 2457 675 2513 legibus
697 2458 757 2500 est
780 2455 1037 2507 iniunctum,
1059 2456 1130 2499 vt⁸
1151 2457 1194 2498 in
1218 2457 1494 2499 commissum
1518 2457 1592 2499 s1bi
1622 2472 1764 2513 popu-

218 2522 323 2576 lum,
345 2539 397 2567 ac
418 2526 474 2568 de
503 2526 543 2568 se
564 2527 678 2570 bene
706 2533 948 2569 merentem
974 2527 1120 2568 Deum
1143 2527 1385 2581 propitium
1407 2526 1570 2569 habere
1592 2526 1764 2569 cunctis

219 2594 461 2637 rationibus
486 2596 720 2638 enitantur.
782 2596 916 2651 Quod
940 2609 1027 2637 non
1051 2595 1188 2637 solum
1219 2594 1439 2650 sacrificijs
1468 2596 1665 2646 efficitur,
1690 2597 1762 2639 sed

221 2663 354 2706 etiam
384 2666 600 2720 precibus,
629 2681 729 2721 quae
756 2665 783 2708 ὲ,
810 2667 885 2721 pio
913 2666 1046 2708 corde
1076 2665 1421 2721 proficiscantur,
1447 2666 1555 2708 teste
1584 2666 1762 2717 Iacobo,

222 2732 296 2786 qui
322 2747 403 2776 nos
429 2734 486 2776 ad
514 2736 786 2790 precandum
809 2735 1059 2786 cohortans,
1087 2734 1226 2778 Orate
1258 2734 1438 2790 (inquit)
1465 2749 1547 2790 pro
1572 2735 1762 2777 inuicem

222 2807 270 2843 vt
310 2802 545 2846 saluernini.
596 2805 785 2847 multum
831 2805 948 2846 enirn
989 2804 1109 2846 valet
1152 2805 1407 2859 deprecatio
1449 2805 1544 2846 iusti
1586 2805 1763 2847 affidua.

223 2869 380 2913 Altera
419 2873 546 2916 causa
591 2874 664 2923 est,
706 2880 753 2916 vt
795 2874 870 2928 qui
913 2874 1083 2928 reliquo
1124 2874 1292 2929 populo
1338 2874 1552 2928 exemplo
1598 2875 1764 2916 debent

223 2939 306 2982 esse
336 2941 521 2993 virtutis,
554 2949 598 2985 et
630 2941 944 2994 sanctimoniae,
975 2944 1139 2986 affidua
1171 2944 1427 2999 precatione
1461 2945 1594 2986 deum
1629 2944 1763 2986 collo-

315 3046 325 3070 ¹
354 3049 529 3086 PRESB.
563 3064 570 3087 z
598 3053 640 3087 R.
661 3053 704 3087 A.
906 3053 919 3075 ²
945 3053 983 3088 in
1008 3064 1102 3088 tom.
1123 3053 1165 3088 A.
1383 3053 1397 3075 ³
1422 3060 1482 3088 vt:
1508 3055 1607 3088 omit.
1630 3054 1668 3088 P,
