2066 3392
858 193 933 227 DE
936 193 1155 227 CEMBER.

169 272 349 324 retibu3‚
376 272 546 328 sequuti
573 272 672 314 sunt
700 285 813 314 eum.
876 271 977 314 Post

170 331 408 385 passionem
422 344 527 373 vero
549 336 594 372 et
616 328 975 372 resurrectionem

170 389 340 440 Christi,
361 389 570 431 Andreas
596 402 697 430 cum
720 389 764 430 in
789 387 976 442 Scythia
1031 383 1035 386 ’

171 446 377 501 Europae,
410 461 511 500 quae
545 446 621 501 ipsi
655 446 885 500 prouincia
917 445 976 487 ad

172 503 329 546 Christi
344 503 593 546 doctrinam
607 504 975 546 disseminandam

171 563 406 616 obtigerat,
429 563 579 603 multis
601 562 822 603 miraculis
846 561 977 603 editis

170 620 383 674 plurimos
424 620 480 662 ad
515 634 667 662 verum
703 620 774 661 dei
807 619 976 661 cultum

172 678 457 733 perduxisset,
483 679 526 719 in
559 677 779 719 Graeciam
811 678 934 719 venit
967 692 976 718 :

174 736 409 790 multisque
440 737 496 777 ad
529 735 663 777 fidem
686 735 844 778 Christi
875 748 978 778 con-

172 794 302 835 uersis
335 794 540 848 Aegeam
574 793 876 848 proconsulem
918 793 975 834 ad

174 853 331 893 Patras
391 852 546 893 vrbem
598 851 980 905 predicationibus

174 909 258 951 suis
304 909 596 958 obsistentem,
639 909 980 963 christianosque

174 967 282 1009 deos
313 967 456 1009 colere
487 974 734 1021 cogentem,
758 967 980 1008 liberrime

173 1026 311 1080 coepit
334 1026 559 1079 increpare
581 1041 590 1066 :
611 1026 731 1079 quod
749 1025 823 1078 qui
842 1025 979 1065 iudex

174 1083 406 1124 hominum
429 1083 581 1124 haberi
598 1083 742 1131 vellet,
760 1082 980 1124 Christum

174 1142 308 1183 deum
341 1148 476 1195 atque
504 1141 703 1182 omnium
735 1141 925 1182 iudicem
955 1139 981 1181 a

173 1199 454 1241 daemonibus
495 1198 637 1240 clusus
688 1212 777 1239 non
829 1197 982 1252 agnos-

175 1264 305 1299 ceret.
373 1257 456 1300 Cui
498 1257 678 1310 Aegeas
720 1256 856 1297 iratus
898 1255 982 1297 res-

177 1316 350 1370 pondit.
403 1315 631 1356 Defineret
654 1314 873 1356 Christum
896 1314 982 1355 iac-

175 1379 283 1422 tare,
305 1373 374 1414 cui
407 1373 561 1414 similia
582 1373 716 1414 verba
747 1372 855 1413 nihil
883 1385 984 1426 pro-

176 1427 362 1481 fuissent,
375 1445 465 1486 quo
487 1431 631 1471 minus
653 1444 679 1471 a
703 1429 866 1471 Iudaeis
888 1444 983 1471 cru-

175 1489 434 1544 cifigeretur.
497 1489 556 1530 Et
597 1488 828 1530 Andream
871 1487 982 1530 mul-

175 1546 291 1589 tam¹
317 1546 496 1589 laudem
530 1545 701 1596 Christi,
723 1546 876 1600 sponte
907 1545 983 1587 sua

176 1619 258 1660 pro
309 1619 475 1672 genere
530 1604 727 1646 humano
784 1603 982 1645 crucifixi

177 1663 323 1705 dicere
345 1663 641 1717 incipientem,
655 1676 770 1703 vana
785 1667 829 1703 et
846 1662 984 1716 impia

177 1722 378 1763 oratione
409 1720 751 1775 interpellatum,
784 1720 905 1761 iubet
937 1720 980 1760 in

177 1793 397 1821 carcerem
420 1779 606 1821 detrudi,
644 1778 778 1820 Vnde
795 1778 852 1819 ab
870 1778 982 1819 irato

178 1838 223 1879 in
245 1837 449 1892 Aegeam
472 1836 640 1891 populo
658 1834 843 1878 eduEtus
866 1836 982 1886 esset,

178 1896 255 1937 nisi
315 1895 406 1950 ipse
466 1896 639 1936 animos
700 1894 982 1948 popularium

178 1953 518 2007 compescuisset,
541 1966 782 2006 rogans‚ne
805 1952 845 1993 se
868 1965 982 1992 mar-

178 2011 280 2065 tyrij
305 2011 677 2066 desyderati‘ssima
691 2023 854 2051 corona
869 2010 983 2051 frau-

179 2069 351 2111 darent.
405 2069 548 2122 Igitur
570 2067 703 2122 paulo
725 2067 820 2122 post
842 2068 885 2108 in
908 2067 984 2108 tri-

181 2126 318 2169 bunal
342 2124 620 2181 productum,
642 2139 779 2179 quum
802 2125 983 2179 Aegeas

181 2185 224 2226 in
262 2184 484 2239 proposlto
517 2183 853 2225 constantissime
886 2196 983 2237 per-

182 2242 467 2291 seuerantem,
488 2242 627 2283 immo
655 2240 730 2282 fibi
759 2241 878 2282 suam
903 2241 983 2282 im-

182 2301 396 2355 pietatem
420 2300 557 2341 libera
578 2312 686 2341 voce
708 2299 983 2352 exprobran-

181 2366 272 2401 tem
294 2359 475 2407 videret,
490 2358 532 2398 in
547 2370 718 2399 crucem
743 2356 837 2398 tolli
861 2357 983 2405 iussit,

182 2421 227 2458 et
269 2415 426 2459 Christi
469 2422 657 2457 mortem
690 2415 862 2456 imitari.
904 2414 981 2455 nisi

182 2475 303 2529 quod
332 2487 413 2515 nec
437 2487 605 2522 manus,
627 2486 708 2514 nec
730 2473 866 2526 pedes
888 2473 982 2514 eius

183 2532 323 2574 clauis
337 2531 435 2574 sunt
456 2531 591 2581 affixi,
609 2531 698 2574 Sed
718 2531 821 2572 sune
845 2530 982 2584 ligati,

182 2596 231 2633 vt
252 2589 417 2632 diutius
438 2589 700 2643 desydcrata
724 2595 864 2630 morte
888 2602 983 2629 cru-

183 2649 381 2690 ciaretur.
433 2647 587 2701 Atque
610 2647 671 2688 ita
694 2653 876 2688 necatus
898 2646 982 2700 pri-

182 2706 254 2748 die
275 2705 481 2747 calendas
505 2705 765 2747 Decembris
785 2720 793 2746 ε
819 2710 985 2759 marty-

183 2764 232 2819 rij
255 2777 464 2806 coronam
487 2764 677 2818 adeptus
699 2762 771 2806 est.

250 2953 262 2976 ¹
288 2953 406 2989 multa
423 2951 460 2988 in
481 2964 488 2987 :
507 2952 557 2988 R.
576 2952 615 2988 Ρ.
634 2951 678 2987 Α.

251 3001 266 3024 ²
291 3000 353 3036 die
369 3010 400 3036 ‚2
419 2999 459 3035 in
478 3010 525 3035 m.

1770 194 1785 223 1
1795 191 1820 235 7
1830 190 1849 235 5

1297 290 1343 337 11
1376 287 1614 330 December.

1131 400 1177 447 {I
1209 397 1402 440 Bibiana
1433 397 1559 452 virgo
1590 405 1769 454 martyr.

1308 494 1454 536 Lec‘lio
1485 494 1583 550 ,iifl

1126 579 1283 621 Ibiana
1312 579 1438 634 virgo
1468 579 1703 622 beatorum
1736 594 1850 622 mar-

1153 645 1303 692 tyrum
1357 637 1504 679 Fausti
1556 645 1600 680 et
1652 638 1851 681 Drasosae

1043 695 1146 745 filia,
1167 710 1268 737 cum
1296 702 1531 750 parentum
1554 696 1765 751 exempla
1790 697 1851 738 se-

1043 760 1146 795 cuta
1193 754 1398 808 singulari
1446 755 1613 808 pietate
1661 768 1714 796 ac
1763 754 1851 797 fide

1043 811 1249 853 christum
1267 811 1442 861 coleret,
1457 818 1501 853 et
1518 812 1610 854 eius
1628 819 1852 867 praecepta

1044 870 1213 924 ingenti
1231 869 1373 911 studio
1391 869 1580 912 seruaret
1602 870 1776 925 seseque
1792 871 1850 912 ad

1045 927 1315 981 euangelicae
1331 925 1546 969 do&rinae
1568 942 1771 970 normam
1789 928 1852 970 ef-

1044 985 1849 1040 fingere³summoperecontenderet⁴‚

1044 1042 1071 1085 ὲ
1114 1043 1288 1085 Iuliano
1335 1044 1602 1098 imperatore
1647 1045 1852 1086 atrociffi-

1045 1115 1120 1142 mo
1142 1101 1475 1143 christianorum
1505 1101 1627 1143 hoste
1651 1115 1852 1157 compre-

1045 1159 1190 1209 hensa,
1217 1173 1269 1200 ac
1300 1159 1460 1200 Fausto
1489 1159 1666 1213 praeiidi·
1688 1161 1852 1202 tradita

1045 1217 1118 1259 est.
1181 1217 1271 1259 Sed
1296 1217 1366 1258 hic
1389 1231 1490 1258 cum
1512 1231 1610 1259 eam
1637 1217 1694 1259 ad
1724 1218 1853 1261 idolis

1046 1275 1378 1317 sacrificandum
1409 1275 1675 1329 compellere
1697 1290 1852 1330 aggre-

1046 1334 1234 1382 deretur,
1265 1333 1322 1374 ab
1350 1334 1507 1374 eadem
1541 1333 1601 1375 est
1629 1334 1685 1375 ad
1715 1334 1850 1377 fidem

1047 1391 1293 1440 conuersuS,
1323 1390 1557 1445 statimque
1589 1393 1851 1446 martyrium

1045 1449 1261 1490 constanti
1276 1450 1426 1490 animo
1440 1449 1611 1492 subiuit.
1640 1449 1706 1491 At
1721 1450 1852 1493 beata

1045 1508 1170 1560 virgo
1188 1506 1214 1548 ὲ.
1231 1507 1403 1548 Iuliano
1420 1507 1528 1548 deos
1545 1508 1728 1549 adorare
1746 1508 1851 1550 iussa

1046 1579 1182 1607 vnum
1198 1564 1330 1605 deum
1347 1566 1636 1614 conditorem,
1651 1566 1851 1608 modera-

1046 1629 1279 1677 toremque
1322 1636 1465 1664 rerum
1502 1624 1703 1664 omnium
1744 1625 1851 1667 ado-

1047 1682 1235 1722 randum
1262 1681 1485 1722 asserebat.
1547 1680 1850 1735 Quamobrem

1047 1745 1141 1780 tam
1170 1739 1245 1780 diu
1275 1739 1517 1793 plumbatis
1542 1739 1652 1780 caesa
1677 1740 1748 1791 est,
1771 1742 1870 1783 do-v

1048 1811 1128 1838 nec
1150 1796 1406 1850 corpusculo
1432 1797 1734 1839 miserabiliter
1757 1813 1852 1840 cru-

1047 1855 1175 1904 ciato,
1213 1855 1410 1909 spiritum
1452 1855 1603 1905 emisit,
1644 1856 1852 1909 postridie

1049 1913 1256 1955 calendas
1295 1913 1568 1955 Decembris,
1631 1914 1739 1955 Eius
1775 1928 1851 1957 au-

1047 1976 1139 2012 tem
1162 1984 1320 2024 corpus
1343 1970 1368 2012 a
1392 1971 1560 2011 Ioanne
1590 1971 1852 2025 presbytero

1048 2042 1198 2070 romae
1239 2030 1366 2069 iuxta
1408 2028 1623 2082 palatium
1661 2029 1850 2073 Licinia-

1049 2100 1156 2128 num
1179 2086 1397 2140 sepultum
1419 2086 1492 2129 est.

1049 2226 1094 2271 (I
1144 2221 1353 2264 Nicolaus
1392 2222 1599 2277 episcopus
1637 2223 1850 2279 corfifflr.

1280 2280 1434 2335 duplex
1462 2281 1553 2322 min
1558 2295 1617 2324 ns.

1372 2382 1533 2426 Oratio.

1056 2470 1246 2554 DEus,
1278 2469 1354 2524 qui
1396 2470 1577 2513 beatum
1615 2471 1850 2518 Nicolaum

1170 2528 1427 2583 pontificem
1456 2535 1581 2571 tuum
1611 2530 1852 2574 innumeris

1048 2586 1260 2628 decorasti
1289 2587 1544 2628 miraculis.
1567 2588 1709 2631 tribue
1731 2604 1850 2644 quae-

1050 2645 1227 2686 fumus:
1253 2651 1301 2686 vt
1326 2645 1420 2688 eius
1442 2646 1619 2695 meritis,
1642 2653 1686 2688 et
1715 2649 1851 2702 preci-

1049 2703 1132 2745 bus
1154 2701 1180 2744 a
1209 2702 1426 2756 gehennae
1455 2703 1669 2759 incendijs
1698 2705 1852 2749 libere-

1050 2774 1183 2803 mur:
1204 2774 1293 2815 per.

1151 2947 1165 2970 ³
1189 2947 1337 2993 effigere
1358 2960 1366 2984 ι
1384 2949 1429 2985 Α.

1148 2995 1161 3018 ⁴
1187 3003 1441 3033 contemneret
1463 3007 1470 3032 ε
1489 2997 1534 3032 Α.
