2066 3392
0 3262 25 3330 ‚fl

899 186 1094 221 Jowms.
1759 183 1774 212 1
1786 182 1807 224 3
1815 183 1837 225 3

159 266 351 322 ipsorum
372 280 557 321 corpora
576 264 780 309 vehiculo
801 263 964 314 delata,

159 323 294 368 norfitu
325 326 369 367 in
399 325 472 367 via
505 324 732 366 Labicana
753 323 884 366 tertio
905 322 964 364 ab

158 383 264 426 vrbe
285 383 490 425 milliario
512 382 723 437 sepeliuit.

204 478 250 524 (I
282 475 513 518 Barnabas
542 474 746 529 apostolus
775 472 928 527 duplex

484 533 639 574 maius.

482 601 643 644 Gratia.

166 673 359 757 DEus,
385 672 460 726 qui
488 686 570 714 nos
597 671 716 713 beati
746 669 962 712 Barnabae

281 730 464 785 apostoli
485 730 548 772 tui
571 729 738 770 meritis
764 734 808 770 et
831 729 963 769 inter-

158 789 343 830 ceffione
374 788 574 830 laetificas
605 803 613 828 :
639 786 833 829 concede
862 800 964 840 pro-

159 847 306 901 pitius,
328 852 376 888 vt
401 847 476 900 qui
505 846 598 887 eius
620 844 835 887 beneficia
866 843 963 898 pos-

159 905 300 946 cimus
330 905 450 946 dono
489 910 579 945 tuae
619 903 774 957 gratiae
814 902 963 944 conse-

159 975 349 1018 quamur
372 977 380 1004 :
403 976 482 1017 per
502 968 584 1004 etc.

433 1062 578 1105 Lec‘lz'o
598 1061 693 1117 .z'zj¹.

170 1130 395 1214 IOseph²,
424 1132 498 1186 qui
530 1130 870 1186 cognominatus
902 1129 963 1172 est

244 1189 482 1239 Barnabas,
544 1189 725 1231 natione
784 1188 962 1242 cyprius

159 1248 216 1290 ad
243 1247 522 1289 christianum
554 1247 721 1300 dogma
753 1246 962 1300 gentibus

160 1319 261 1347 cum
281 1305 419 1347 Paulo
435 1305 766 1359 praedicandum
783 1305 826 1344 in
841 1303 964 1358 apos-

161 1363 351 1405 tolatum
373 1369 502 1405 extra
518 1363 754 1404 duodecim
772 1362 964 1415 assump-

160 1427 233 1463 tus
265 1421 335 1463 est.
400 1421 487 1463 Hic
520 1434 690 1475 agrum,
719 1433 851 1474 quem
884 1419 962 1460 ha-

161 1479 524 1529 bebat,vendidit,
533 1486 577 1520 et
591 1478 740 1520 attulit
755 1477 963 1532 precium,

161 1543 206 1579 et
223 1536 366 1592 posuit
382 1544 485 1578 ante
503 1537 639 1590 pedes
654 1536 962 1590 apostolorum.

163 1594 252 1649 Qui
292 1608 393 1637 cum
430 1594 577 1636 missus
618 1593 644 1635 a
687 1593 962 1646 lerosolymi-

161 1660 266 1695 tana
281 1652 456 1694 ecclesia
470 1652 805 1707 euangelizandi
820 1651 963 1705 gratia

160 1710 450 1752 Antiochiam
473 1710 745 1765 peruenisset,
761 1710 834 1751 vbi
852 1723 963 1763 grae-

161 1782 312 1810 corum
343 1766 545 1823 aliquod'
575 1768 864 1817 crediderant,
901 1767 964 1808 vi-

163 1826 376 1880 dissetque
425 1826 614 1881 gratiam
665 1826 748 1875 dei,
789 1824 963 1879 gauisus

161 1884 234 1934 est,
256 1891 301 1926 et
321 1885 581 1926 hortabatur
604 1897 760 1925 omnes
789 1884 832 1924 in
865 1897 963 1937 pro-

162 1942 302 1997 posito
333 1943 478 1984 cordis
514 1955 771 1996 permanere
807 1942 850 1982 in
885 1941 965 1982 do-

165 2000 299 2050 mino,
338 2001 442 2054 quia
482 2006 577 2042 erat
617 2001 684 2041 vir
724 1999 880 2048 bonus,
920 2005 965 2040 et

164 2057 314 2112 spiritu
341 2055 491 2111 sanGto
516 2071 568 2099 ac
595 2057 684 2098 fide
715 2057 884 2111 plenus.
920 2062 965 2097 et

164 2115 363 2171 apposita
413 2115 474 2156 est
529 2114 670 2156 multa
730 2114 859 2156 turba
921 2114 964 2154 in

166 2173 360 2215 domino.
404 2170 631 2214 Proseftus
649 2172 752 2213 inde
769 2171 968 2220 Tarsum,

164 2237 214 2273 vt
253 2236 470 2285 quaereret
515 2230 714 2279 Saulum‚
755 2229 967 2283 perduxit

167 2288 306 2344 ipsum
358 2287 659 2337 Antiochiam,
703 2293 748 2328 et
800 2300 966 2328 annum

166 2353 311 2388 totum
340 2345 580 2387 conuersati
604 2345 700 2386 sunt
731 2345 789 2386 ibi
823 2345 865 2385 in
898 2358 967 2385 ec-

166 2404 303 2453 clesia,
325 2411 370 2445 et
390 2404 635 2444 docuerunt
657 2403 832 2444 turbam
857 2402 968 2443 mul-

166 2469 272 2512 tam,
294 2462 355 2503 ita
376 2467 422 2503 vt
444 2460 861 2514 cognominarentur
883 2459 969 2514 pri-

169 2533 291 2562 mum
317 2518 568 2560 Antiochiae
589 2517 785 2571 discipuli
805 2517 970 2559 christi-

169 2578 252 2619 ani.
305 2576 393 2631 Qui
410 2575 621 2630 discipuli.
638 2582 768 2630 prout
787 2575 969 2630 quisque

169 2634 374 2685 habebat,
403 2633 718 2688 proposuerunt
751 2634 794 2674 in
825 2632 970 2674 minis-

168 2693 328 2735 terium
366 2692 541 2733 mittere
580 2691 884 2733 habitantibus
925 2691 969 2732 in

173 2750 326 2793 Iudaea
367 2749 583 2792 fratribus
649 2748 782 2803 Quod
824 2755 868 2790 et
909 2748 970 2790 se-

170 2813 324 2851 cerunt
346 2807 572 2849 mittentes
599 2806 655 2848 ad
680 2806 868 2848 seniores
894 2818 972 2861 per

243 2954 252 2976 ¹
280 2953 340 2989 die
359 2954 393 2988 ii.
415 2954 453 2988 in
473 2964 519 2987 m.
580 2962 614 2989 1¹
643 2965 649 2988 :
671 2954 713 2988 R.
732 2953 769 2989 P.
786 2954 829 2989 A.

243 3001 256 3023 ²
286 3000 460 3047 Iosephus
484 3012 490 3035 :
515 3000 554 3035 R.
574 3000 669 3035 1·.A.

1032 277 1191 304 manus
1220 263 1451 313 Barnabae,
1473 269 1517 305 et
1550 263 1684 306 Sauli.
1747 262 1837 317 Qui

1030 321 1216 375 expleto
1245 321 1483 362 ministerio
1505 321 1659 362 reuersi
1682 321 1779 363 sunt
1810 321 1837 362 a

1032 378 1313 433 Ierosolymis
1327 379 1546 433 assumpto
1563 379 1744 427 Ioanne,
1759 380 1835 434 qui

1030 438 1372 491 cognominatus
1389 437 1450 478 est
1468 437 1656 478 Marcus.
1694 438 1835 478 Erant

1030 502 1180 536 autem
1242 495 1287 536 in
1347 494 1538 546 ecclefia,
1588 508 1689 550 quae
1740 501 1836 536 erat

1029 552 1297 603 Antiochiae,
1313 552 1542 607 prophetae
1558 559 1601 594 et
1618 551 1835 602 doetores,

1030 611 1075 652 in
1106 611 1266 665 quibus
1303 611 1532 652 Barnabas
1574 617 1618 652 et
1661 610 1834 653 Saulus.

1032 669 1383 710 Ministrantibus
1405 675 1554 710 autem
1584 668 1670 710 illis
1691 669 1835 710 domi-

1031 740 1089 768 no
1111 734 1155 768 et
1177 728 1478 769 ieiunantibus
1499 727 1617 768 dixit
1641 727 1834 780 Spiritus

1031 784 1216 832 sanGwS,
1241 785 1484 839 Segregate
1506 785 1614 826 mihi
1648 785 1833 827 Saulum

1030 849 1074 884 et
1107 843 1358 884 Barnabam
1391 845 1434 884 in
1472 857 1585 897 opus
1619 844 1677 885 ad
1713 844 1833 897 quod

1030 901 1230 955 assumpsi
1271 915 1362 942 eos.
1423 901 1551 942 Tunc
1587 901 1834 942 ieiunantes

1030 965 1076 1001 et
1123 965 1312 1008 orantes,
1361 959 1726 1013 imponentesque
1770 959 1834 1000 eis

1031 1030 1200 1067 manus,
1222 1017 1479 1058 dimiserunt
1504 1017 1611 1059 illos.
1675 1018 1735 1058 Et
1757 1016 1834 1070 ipfi

1031 1076 1210 1128 quidem
1258 1076 1365 1117 misfi
1407 1074 1433 1116 a
1475 1075 1642 1129 Spiritu
1685 1073 1836 1116 sansto

1031 1134 1235 1175 abierunt
1266 1133 1528 1183 Seleuciam,
1549 1139 1594 1174 et
1620 1133 1723 1174 inde
1746 1133 1836 1186 Cy-

1031 1205 1159 1246 prum
1178 1205 1186 1232 :
1202 1191 1447 1245 multasque
1462 1191 1812 1245 praetereavrbes
1828 1206 1836 1231 :

1030 1263 1081 1290 ac
1104 1249 1304 1303 regiones
1323 1263 1422 1290 cum
1441 1263 1606 1303 magno
1623 1249 1836 1304 praedica-

1029 1308 1163 1349 tionis
1180 1305 1379 1362 profectu
1398 1314 1698 1361 peragrarunt.
1735 1306 1836 1348 Pos-

1030 1371 1175 1407 tremo
1207 1365 1434 1406 Barnabas
1468 1364 1495 1406 a
1527 1365 1666 1406 Paulo
1701 1364 1836 1406 disce-

1030 1423 1139 1464 dens
1175 1423 1232 1465 ad
1271 1423 1470 1477 Cyprum
1507 1423 1736 1477 nauigauit
1773 1422 1836 1464 as-

1031 1479 1205 1535 sumpto
1238 1480 1402 1522 Marco.
1463 1481 1555 1523 Vbi
1592 1482 1707 1523 circa
1744 1481 1837 1535 sep—

1030 1539 1189 1580 timum
1214 1539 1404 1580 Neronis
1433 1552 1600 1580 annum
1634 1539 1835 1593 martyrij

1030 1610 1240 1638 coronam
1263 1596 1324 1638 est
1352 1596 1542 1651 adeptus
1574 1597 1706 1639 tertio
1738 1597 1837 1639 idus

1033 1655 1162 1709 Iunij.

1069 1758 1113 1805 (I
1148 1755 1369 1798 Antonius
1387 1754 1599 1809 confi’ffiaer.
1658 1755 1805 1797 Lec‘lio

1357 1814 1516 1856 tertiat

1033 1881 1288 1966 Awtonius
1304 1882 1839 1936 nationehispanusVlys-

1141 1941 1303 1994 siponae
1321 1947 1451 1982 natus
1468 1954 1568 1981 cum
1584 1940 1838 1982 adolescens

1033 1998 1179 2040 adhuc
1208 1998 1312 2039 esset
1344 1999 1582 2039 canonicus
1614 1998 1837 2051 regularis,

1034 2056 1188 2098 audito
1211 2057 1423 2110 martyrio
1445 2057 1725 2109 quorundam
1745 2070 1838 2098 mo-

1035 2113 1276 2155 nachorum
1300 2127 1358 2154 ex
1376 2114 1530 2154 ordine
1548 2111 1681 2154 santffi
1702 2113 1839 2155 Fran-

1035 2171 1133 2212 cisci
1162 2172 1219 2212 ad
1252 2171 1530 2212 Marochium
1559 2171 1839 2213 Mauritaniae

1035 2229 1188 2270 vrbem
1220 2228 1471 2278 occisorum,
1499 2229 1691 2270 eundem
1723 2230 1840 2271 ordi-

1036 2300 1138 2328 nem
1192 2284 1326 2328 sanGti
1370 2286 1585 2328 Francisci
1627 2287 1840 2341 professus

1036 2351 1081 2386 et
1117 2344 1295 2385 licentia
1326 2344 1610 2398 praelatorum
1639 2345 1836 2396 obtenta,

1038 2402 1234 2456 martyrij
1255 2403 1455 2456 cupidus,
1475 2402 1707 2444 Saracenis
1729 2417 1840 2458 prae-

1037 2460 1261 2501 dicaturus
1313 2460 1462 2501 nauim
1513 2460 1720 2510 ascendit,
1768 2460 1840 2503 sed

1036 2518 1121 2559 deo
1139 2517 1265 2559 aliter
1285 2518 1519 2559 ordinante
1542 2519 1583 2559 vi
1607 2518 1841 2574 tempesta-

1037 2576 1094 2617 tis
1126 2574 1373 2629 prohibitus
1401 2575 1473 2618 est.
1535 2576 1758 2619 Caeterum
1792 2583 1841 2618 vt

1038 2633 1461 2686 consanguineorum
1504 2640 1549 2675 et
1596 2635 1838 2676 amicorum

1039 2691 1360 2745 impedimenta
1389 2692 1560 2739 vitaret,
1585 2692 1628 2733 in
1664 2692 1840 2734 Italiam

1038 2749 1169 2790 venit.
1233 2747 1321 2803 Qui
1344 2762 1444 2791 cum
1468 2750 1710 2804 aliquando
1733 2750 1840 2792 iussu

1039 2805 1260 2862 pontificis
1285 2806 1444 2849 Romae
1467 2808 1707 2863 peregrinis
1730 2809 1844 2850 mul-

1113 2952 1127 2974 ³
1152 2953 1291 2999 aliquot
1317 2965 1323 2988 :
1344 2954 1385 2989 R.
1410 2955 1446 2989 P.
1463 2953 1506 2991 Α.

1114 2999 1126 3019 ⁴
1151 3000 1284 3045 die.13
1305 3001 1344 3035 e'rt
1364 3012 1410 3039 m.
