2066 3392
681 225 747 258 IN
769 225 926 258 FESTO
955 223 1325 257 PENTECOSTES.

170 301 216 349 (I
242 300 317 342 Ex
340 300 535 356 Epistola
558 301 711 355 prima
745 301 887 343 Pauli
915 301 979 343 ad
1044 303 1090 349 (I
1113 300 1345 342 Dominica
1360 299 1616 354 pentecostes.

289 357 571 402 Corintlnffos
630 359 778 401 Ιᾷεέῖιο
798 359 857 414 .ij.

177 447 306 531 DE
326 446 522 491 colleffls
549 455 700 491 autem
732 463 832 504 quae
861 449 974 491 fiunt

294 520 338 547 m
376 505 582 550 sanctos..
593 508 814 550 ,omnibus
846 508 974 550 vobis

167 563 212 605 in
235 563 406 606 Christo
429 565 539 607 Iesu.
599 564 765 607 Amen.

170 708 216 755 (I
245 706 302 748 In
332 707 490 762 vzgilia
515 708 770 764 pentecostes
795 708 860 750 ad
881 709 975 763 vess-

360 773 503 819 peras.
564 767 781 820 Hymnus.

191 854 201 901 J
226 859 279 904 ’ᾗῇ
311 855 396 897 Eni
413 863 584 898 creator
605 856 777 911 spiritus
800 857 976 899 Mentes

190 918 217 940 ³·
337 920 514 955 tuorum
546 914 702 956 vis1ta.
733 915 878 969 Imple
908 915 974 956 su-

171 987 310 1028 perna
329 973 474 1027 gratia
495 971 609 1026 Quae
632 979 680 1013 tu
701 973 851 1014 creasti
875 987 975 1027 pec-

171 1037 280 1073 tora.

230 1088 319 1143 Qui
360 1086 609 1143 paracletus
650 1087 827 1130 diceris:
882 1089 975 1130 Do-

171 1160 279 1188 num
314 1146 386 1188 dei
422 1145 632 1187 altiffimi:
675 1146 796 1187 Fons
835 1146 975 1196 viuus,

171 1205 298 1258 ignis,
359 1203 550 1245 charitas
573 1218 582 1245 ε
644 1203 705 1245 Et
770 1203 974 1259 spiritalis

170 1259 331 1304 vnEtio.

229 1319 299 1361 Tu
331 1318 594 1373 septiformis
631 1332 823 1370 munere,
849 1319 976 1361 Dex-

170 1383 251 1419 trae
279 1378 350 1419 dei
376 1384 425 1418 tu
454 1377 639 1431 digitus:
671 1378 740 1419 Tu
767 1378 848 1419 rite
877 1391 976 1430 pro-

172 1435 296 1477 misso
351 1435 489 1489 patris
551 1435 766 1477 Sermone
826 1436 975 1476 ditans

173 1499 366 1547 guttura.

230 1549 443 1592 Accende
475 1549 623 1592 lumen
658 1550 864 1593 sensibus:
902 1550 975 1591 In-

172 1607 307 1650 funde
327 1621 524 1649 amorem
542 1608 748 1650 cordibus
768 1622 776 1650 :
794 1607 976 1649 Infirma

172 1665 305 1707 nostri
346 1666 540 1720 corporis
576 1666 753 1708 Virtute
794 1666 976 1707 firmans

172 1724 403 1778 perpetim.

233 1781 416 1823 Hostem
446 1780 631 1835 repellas
660 1781 836 1836 longius
861 1795 870 1822 τ
895 1782 976 1822 Pa-

170 1852 355 1893 cemque
372 1840 509 1881 dones
531 1839 730 1893 protinus
751 1853 759 1880 :
780 1837 976 1880 Du&0re

173 1896 228 1938 fic
245 1903 289 1938 te
308 1897 475 1951 praeuio
492 1897 698 1939 Vitemus
714 1910 846 1938 omne
864 1911 975 1938 nox-

176 1967 278 1995 ium.

234 2011 315 2053 Per
349 2018 394 2053 te
437 2011 623 2053 sciamus
672 2012 732 2053 da
781 2018 973 2066 patrem:

174 2068 420 2110 Noscamus
481 2076 615 2123 atque
673 2069 811 2110 filium
835 2085 844 2110 ε
909 2070 975 2111 Te

174 2126 395 2181 vtriusque
453 2126 652 2181 spiritum
725 2127 973 2170 Credamus

175 2184 297 2226 omni
320 2191 533 2238 tempore.

233 2241 384 2283 Gloria
401 2242 515 2295 patri
532 2241 734 2283 domino:
766 2241 976 2295 Natoque

174 2299 248 2353 qui
275 2298 301 2340 a
327 2300 511 2340 mortuis
541 2299 756 2348 Surrexit,
777 2313 828 2340 ac
850 2313 975 2353 para-

182 2356 299 2398 cleto
318 2356 370 2397 In
390 2355 630 2398 seculorum
646 2356 797 2398 secula.
816 2356 976 2398 Amen.

498 2446 662 2489 Oratio.

184 2532 363 2616 DEus
395 2532 471 2587 qui
509 2532 723 2574 hodierna
763 2533 835 2574 die
873 2531 979 2574 fide-

304 2590 411 2631 lium
449 2590 597 2633 Corda
637 2588 771 2632 saneti
806 2590 978 2644 spiritus

177 2647 463 2689 illustratione
484 2647 686 2689 docuisti:
718 2649 775 2690 da
790 2648 917 2689 nobis
933 2649 975 2689 in

176 2706 333 2746 eodem
359 2705 507 2759 spiritu
534 2703 652 2747 recta
675 2705 834 2759 sapere,
856 2712 899 2746 et
921 2706 978 2747 de

176 2762 269 2804 cius
311 2762 478 2816 semper
527 2762 823 2804 consolatione
870 2776 977 2816 gau-

177 2820 303 2862 dere:
335 2833 421 2875 per.
444 2821 486 2861 in
509 2821 677 2862 vnitate
698 2819 922 2862 eiusdem’.

247 2965 253 2986 ¹
283 2965 346 3017 Ca.
373 2966 412 2999 16
429 2966 469 3000 ιἰι
489 2976 535 2999 m.
554 2963 639 3010 [xvi.
666 2964 803 3011 1--241

246 3012 259 3032 '⁶'
284 3011 461 3048 eiusdem:
478 3014 578 3047 ouu't.
597 3012 640 3047 A.

1794 206 1852 259 69

1675 300 1762 341 Ina
1767 300 1849 342 ita-

1362 357 1534 400 terium.

1056 444 1068 490 '.
1094 455 1127 506 ζ’»
1153 449 1390 495 Alleluia.
1453 449 1646 503 Spiritus
1679 448 1848 490 domini

1061 518 1064 530 ⁴
1100 514 1127 542 ‘⁴²
1153 515 1167 543 ³³
1210 508 1398 562 repleuit
1432 507 1587 548 orbem
1632 513 1850 548 terrarum

1042 568 1208 609 Venite
1285 567 1532 607 adoremus.
1611 564 1850 606 Halleluia.

1044 625 1141 667 Hoc
1168 623 1488 666 Inuitatorium
1523 622 1631 666 Cum
1663 621 1850 676 hymnis.

1046 683 1144 724 Iam
1182 682 1378 725 Christus
1413 681 1536 722 astra.
1581 680 1646 722 ad
1671 679 1851 721 matuti-

1044 755 1149 782 num
1169 747 1210 782 et
1228 740 1343 782 Veni
1359 739 1554 781 Creator.
1584 738 1649 780 ad
1659 738 1851 791 vesperas

1043 799 1252 840 decuntur
1280 812 1296 838 τ
1297 797 1407 852 sque
1435 797 1500 838 ad
1517 796 1750 852 sabbatum
1782 810 1849 836 zn-

1043 857 1146 910 clus
1130 871 1198 898 ue
1213 855 1337 909 ‘'nisi
1365 861 1560 896 occurrat
1574 854 1739 908 festum
1770 853 1850 894 du-

1034 915 1150 968 plex,
1171 914 1217 967 β
1255 919 1399 955 autem
1441 919 1637 954 occurrat
1665 911 1852 966 simplex

1043 972 1213 1014 habebit
1237 977 1407 1013 tantum
1436 971 1609 1012 tertzam
1634 970 1850 1011 Ιεὲἳιοηεηι

1043 1037 1085 1072 et
1103 1029 1221 1072 nihil
1234 1028 1367 1071 aliud.
1428 1027 1644 1082 Hymnus.

1099 1147 1189 1189 Am
1214 1147 1408 1190 Christus
1430 1146 1561 1188 Astra
1582 1146 1850 1197 ascenderat,

1130 1205 1349 1247 Reuersus
1371 1206 1488 1246 vnde
1509 1210 1709 1246 venerat:
1746 1204 1849 1245 Pro-

1045 1264 1217 1305 missum
1249 1263 1388 1318 patris
1420 1276 1601 1304 munere
1631 1260 1847 1304 Sanfitum

1043 1322 1227 1363 daturus
1250 1321 1461 1375 spiritum.

1104 1379 1311 1422 Solennis
1361 1378 1548 1432 vrgebat
1590 1377 1696 1428 dies,
1739 1376 1845 1432 Quo

1046 1437 1230 1491 mystico
1256 1436 1541 1491 septemplici,
1564 1435 1698 1478 Orbis
1724 1436 1850 1477 volu-

1045 1501 1118 1537 tus
1136 1494 1476 1548 septies,Signat
1490 1493 1621 1534 beata
1634 1500 1848 1547 tempora.

1105 1553 1228 1593 Dum
1258 1552 1367 1593 hora
1396 1549 1566 1592 cunetis
1596 1551 1728 1592 tertia
1762 1552 1850 1592 Re-

1045 1617 1179 1664 pente
1213 1610 1405 1651 mundus
1439 1610 1633 1650 intonat:
1670 1608 1849 1651 Oranti-

1045 1669 1126 1709 bus
1148 1667 1355 1723 apostolis
1383 1667 1530 1708 Deum
1553 1667 1715 1708 venisse
1737 1680 1850 1708 nun-

1044 1727 1142 1768 ciat.

1105 1784 1174 1825 De
1191 1784 1326 1838 patris
1344 1796 1449 1836 ergo
1468 1782 1636 1823 lumine
1651 1782 1849 1823 Decorus

1046 1842 1160 1896 ignis
1189 1841 1332 1882 almus
1361 1840 1422 1882 est
1445 1856 1454 1881 z
1476 1841 1565 1894 Qui
1589 1839 1677 1881 fida
1703 1839 1848 1881 christi

1044 1897 1225 1954 pectora
1249 1898 1408 1940 Calore
1428 1898 1550 1940 verbi
1573 1897 1808 1952 compleat.

1107 1957 1300 2010 Impleta
1324 1956 1525 2010 gaudent
1550 1955 1711 1996 viscera
1735 1954 1851 1996 :Af-

1046 2014 1152 2056 flata
1174 2013 1323 2055 sanfto
1346 2013 1494 2067 spiritu
1514 2012 1685 2054 :Voces
1706 2013 1851 2054 diuer-

1047 2072 1113 2113 sas
1142 2073 1349 2113 intonant
1382 2086 1390 2112 :
1423 2070 1592 2111 Fantur
1622 2071 1693 2111 dei
1725 2084 1850 2126 mag-

1045 2129 1172 2172 nalia.

1107 2188 1180 2228 Ex
1202 2186 1323 2227 omni
1350 2191 1482 2239 gente
1508 2185 1674 2239 cogniti
1698 2201 1706 2226 :
1728 2184 1851 2228 Grae·

1046 2245 1121 2292 cis,
1140 2244 1301 2293 latinis,
1324 2243 1522 2284 barbaris
1551 2257 1559 2284 :
1581 2241 1850 2297 Cunctisque

1046 2301 1392 2343 admirantibus:
1411 2300 1595 2355 Linguis
1610 2300 1852 2355 loquuntur

1046 2360 1257 2400 omnium.

1108 2418 1260 2458 Iudaea
1281 2422 1387 2458 tunc
1405 2414 1633 2457 incredula
1649 2414 1850 2458 :Vesana

1047 2481 1175 2516 toruo
1194 2474 1342 2528 spiritu
1362 2489 1370 2515 :
1389 2471 1583 2515 Ruc‘tare
1606 2473 1733 2514 musti
1755 2487 1849 2515 cra-

1046 2532 1197 2587 pulam
1230 2531 1453 2573 Alumnos
1485 2530 1642 2573 Christi
1673 2544 1850 2573 concre-

1079 2596 1136 2631 at.

1047 2604 1076 2645 p
1106 2647 1195 2690 Sed
1225 2646 1367 2700 signis,
1395 2652 1439 2688 et
1468 2645 1705 2688 virtutibus
1729 2660 1738 2688 ε
1762 2645 1850 2689 Oc-

1046 2705 1191 2749 currit.
1210 2712 1254 2746 et
1275 2705 1406 2746 docet
1430 2705 1583 2745 Petrus
1608 2703 1733 2745 Falsa
1750 2718 1850 2759 pro-

1047 2762 1126 2804 sari
1149 2762 1352 2816 perfidos,
1378 2761 1497 2803 Ioele
1519 2761 1626 2803 teste
1648 2775 1850 2817 compro-

1050 2820 1173 2862 bans

1116 2966 1129 2985 ³
1154 2965 1333 3001 ext-lunae
1358 2978 1364 2999 :
1392 2965 1434 2999 R.
1455 2965 1495 2999 ιἰι
1519 2969 1621 3000 textu
1648 2975 1654 2999 :
1678 2964 1851 3001 inclusiue

1045 3014 1084 3048 ιἰι
1104 3012 1231 3048 labala
1249 3015 1468 3047 erratorum.
