2066 3392
902 199 1142 234 MARTIUS.
1768 193 1840 225 121

167 278 286 321 Iesus
315 284 408 321 erat
439 278 654 333 incipiens
682 277 800 333 quasi
827 291 964 319 anno-

166 351 261 378 rum
291 338 473 391 triginta
502 343 550 379 vt
578 337 821 391 putabatur
847 335 964 377 filius

168 394 336 450 Ioseph.
427 395 523 436 Nec
580 395 647 436 vir
706 408 809 448 ergo
872 407 965 435 ma-

164 453 255 504 tris,
274 466 355 495 nec
376 452 452 506 filij
476 459 603 507 pater
629 452 781 494 extitit
809 465 965 506 quarn-

166 510 233 552 uis
254 516 373 552 certa
394 511 461 565 (vt
475 509 644 552 dictum
662 510 742 561 est)
759 516 803 551 et
821 509 965 551 neces-

168 567 276 609 saria
303 568 624 622 dispensatione
651 574 887 622 vtrumque
909 567 965 608 ad

168 631 345 680 tempus
363 633 407 668 et
428 626 679 680 appellatus
701 626 750 667 fit
771 632 815 667 et
838 631 967 679 puta-

167 690 250 732 tus,
273 684 441 738 conijce
463 691 611 726 tamen
635 698 693 725 ex
715 684 798 725 hac
816 682 967 738 appel-

169 741 334 783 latione
374 756 462 796 qua
507 743 609 784 licet
654 741 968 796 dispensatoria

169 801 327 842 meruit
355 799 559 841 honorari
591 799 617 841 a
648 801 733 841 deo
765 806 812 841 vt
844 805 970 853 pater

169 858 239 899 dei
291 864 335 900 et
385 856 529 899 dietus
581 865 625 900 et
675 858 868 899 creditus
909 857 971 906 s1t,

172 915 352 969 Conijce
385 922 429 957 et
461 930 519 957 ex
548 916 725 970 proprio
752 914 970 957 vocabulo

170 975 290 1028 quod
333 981 620 1028 augmentum
663 987 751 1015 non
793 973 971 1014 dubitas

171 1032 449 1086 interpretari
471 1032 569 1086 quis
598 1038 642 1073 et
670 1031 814 1086 qualis
841 1031 971 1072 fuerit

171 1089 307 1131 homo
343 1089 419 1131 iste
456 1089 604 1144 ioseph
641 1090 761 1131 simul
800 1095 843 1130 et
879 1102 970 1130 me-

172 1154 323 1189 mento
374 1148 524 1202 magni
575 1147 691 1188 illius
742 1147 970 1201 quondam

171 1205 431 1259 patriarchae
467 1206 634 1247 venditi
671 1205 713 1246 in
746 1205 973 1259 Aegypto,

172 1269 216 1304 et
251 1263 356 1304 scito
389 1262 518 1317 ipsius
551 1263 676 1304 istum
712 1277 799 1304 non
835 1263 971 1303 solum

170 1321 438 1365 vocabulum
461 1320 581 1362 fuisse
603 1321 814 1370 sortitum,
833 1321 903 1362 sed
928 1326 972 1362 et

172 1378 474 1420 castimoniam
511 1380 724 1433 adeptum
764 1379 972 1420 innocen-

172 1437 281 1478 tiam
313 1437 553 1478 assecutum
586 1443 630 1478 et
661 1437 861 1491 gratiam.
925 1436 973 1478 Si

172 1494 353 1549 quidem
389 1494 460 1535 ille
497 1495 654 1549 Ioseph
689 1494 882 1536 fraterna
915 1508 973 1536 ex

173 1553 340 1594 inuidia
381 1553 587 1594 venditus
630 1559 674 1594 et
726 1550 885 1594 duetus
928 1553 970 1593 in

172 1609 436 1664 Aegyptum
479 1610 635 1653 Christi
670 1611 973 1652 venditionem

173 1667 484 1723 praefigurauit.
547 1668 632 1710 Iste
661 1668 819 1723 Ioseph
848 1669 972 1710 hero-

174 1726 354 1767 dianam
385 1726 598 1768 inuidiam
629 1726 801 1781 fugiens
832 1726 973 1769 Chris-

174 1790 269 1825 tum
292 1784 335 1825 in
358 1783 620 1838 Aegyptum
643 1785 848 1839 portauit.
894 1784 975 1825 Ille

174 1842 357 1883 domino
380 1842 455 1883 suo
478 1842 611 1884 fidem
635 1842 810 1884 seruans
831 1843 975 1884 domi-

175 1913 242 1941 nae
306 1899 447 1941 noluit
513 1900 796 1942 commisceri.
892 1900 976 1942 Iste

173 1957 401 1999 dominam
435 1957 555 1999 suam
589 1959 759 2000 domini
792 1958 851 1999 sui
885 1972 976 1999 ma-

173 2021 287 2057 trem
309 2015 525 2069 virginem
555 2016 796 2070 agnoscens
822 2022 866 2058 et
889 2015 977 2070 ipse

174 2073 406 2114 continens
427 2073 615 2115 fideliter
635 2073 880 2116 custodiuit.

238 2164 282 2210 (Ι
316 2161 571 2203 Βεηειίέέῖιιε
589 2162 740 2204 Abbas
760 2163 912 2217 duplex

340 2220 495 2261 minus.
556 2220 702 2262 LeHio
723 2219 818 2275 .iz·j¹.

259 2299 499 2343 Enedffitus
527 2315 585 2343 ex
618 2301 772 2343 Nurs1a
801 2303 980 2344 ciuitate

285 2359 413 2400 claris
463 2360 719 2414 parentibus
762 2367 895 2411 ortus,
936 2367 980 2402 et

180 2416 336 2458 Romae
354 2416 606 2459 liberalibus
625 2417 863 2472 disciplinis
884 2432 980 2459 eru-

177 2474 307 2523 ditus,
341 2474 397 2516 ab
438 2474 528 2529 ipsa
560 2474 744 2517 infantia
775 2475 979 2517 christum

178 2532 355 2586 egregia
390 2532 556 2587 pietate
588 2533 735 2583 coluit,
770 2539 815 2575 et
851 2534 980 2575 mira-

177 2590 286 2631 culis
326 2590 494 2632 claruit.
557 2589 690 2644 Quod
731 2597 777 2632 vt
819 2590 982 2634 faceret

177 2648 431 2702 expeditius
482 2648 525 2689 in
578 2647 887 2698 solitudinem¹,
937 2655 981 2691 et

179 2704 352 2759 specum
376 2706 600 2760 quandam
623 2706 900 2760 profundam,
924 2708 980 2748 ad

178 2763 322 2804 locum
362 2764 435 2817 qui
469 2764 628 2805 dicitur
661 2763 889 2813 Sublacus,
921 2764 980 2806 se-

177 2821 304 2863 ceffit.
347 2821 434 2863 Vbi
453 2821 643 2863 triennio
665 2822 794 2864 latuit
811 2820 980 2864 cunetis

249 2975 261 2999 ¹
286 2976 348 3012 die
366 2985 420 3012 21.
440 2977 481 3011 in
500 2988 545 3012 m.

248 3023 262 3046 ²
287 3023 482 3060 solitudine
504 3035 511 3059 :
534 3025 571 3060 P.
587 3025 630 3060 A.

1032 277 1286 319 hominibus
1304 276 1556 331 incognitus
1571 281 1731 330 praeter
1749 275 1841 316 Ro-

1033 349 1216 377 manum
1240 334 1520 383 monachum,
1537 334 1612 388 qui
1635 334 1674 374 ei
1698 332 1842 374 neces—

1033 393 1141 434 saria
1194 392 1545 434 subministrabat
1639 391 1691 432 In
1754 404 1843 444 qua

1034 450 1267 493 solitudine
1297 464 1397 492 cum
1430 450 1502 491 die
1528 450 1725 503 quodam
1748 449 1841 489 dia-

1034 509 1178 551 bolica
1199 509 1446 550 tentatione
1469 509 1625 549 ardore
1647 506 1841 548 libidinis

1034 573 1239 616 vreretur,
1263 566 1303 608 se
1333 567 1375 607 in
1407 566 1540 620 spinis
1569 572 1613 607 et
1633 565 1841 619 vepribus

1036 626 1204 667 nudum
1228 624 1456 673 volutauit,
1474 624 1616 665 donec
1634 629 1842 664 cruentus

1037 690 1081 725 et
1123 683 1338 725 laceratus
1384 682 1677 724 tentationem
1719 680 1844 735 supe-

1037 748 1161 783 raret.
1226 741 1401 782 Deinde
1423 746 1605 782 vocatus
1627 738 1653 780 a
1668 738 1842 793 quibus—

1037 800 1141 841 dam
1158 799 1454 849 monachis‚vt
1468 798 1657 854 ipsorum
1674 796 1844 838 monas-

1038 858 1148 899 terio
1191 857 1399 911 praeesset,
1437 856 1619 910 quidam
1652 855 1842 910 ipsorum

1039 915 1230 957 dissoluti
1268 929 1368 956 cum
1402 914 1535 969 paulo
1567 914 1755 955 seuerius
1787 913 1844 954 ab

1039 987 1092 1014 eo
1124 971 1429 1022 tractarentur,
1454 972 1593 1027 ipsum
1625 979 1846 1013 venenato

1039 1032 1142 1073 vino
1157 1045 1313 1072 necare
1327 1030 1655 1072 constituerunt.
1712 1029 1844 1083 Quod

1041 1103 1141 1130 cum
1178 1090 1216 1130 ei
1252 1090 1294 1130 in
1334 1089 1495 1143 poculo
1527 1089 1667 1130 vitreo
1709 1088 1846 1141 porri-

1041 1154 1205 1201 gerent,
1229 1146 1301 1188 ille
1328 1160 1418 1188 rem
1448 1146 1661 1188 diuinitus
1692 1144 1848 1200 agnos-

1042 1219 1157 1255 cens,
1171 1205 1261 1246 solo
1276 1205 1395 1259 figno
1409 1205 1550 1246 crucis
1568 1217 1702 1245 manu
1717 1201 1847 1252 safico,

1042 1277 1120 1305 vas
1145 1260 1361 1304 intafftum
1391 1262 1649 1303 mirabiliter
1680 1261 1848 1303 confre-

1042 1322 1116 1375 git.
1180 1322 1240 1362 Et
1270 1321 1443 1362 dimisso
1486 1319 1748 1362 monasterio
1790 1319 1847 1360 ad

1043 1379 1320 1420 solitudinem
1345 1380 1570 1420 remeauit.
1622 1377 1725 1432 Quo
1747 1390 1847 1418 cum

1042 1437 1170 1478 multi
1193 1437 1390 1491 discipuli
1408 1436 1721 1486 conuenissent,
1739 1436 1848 1477 duo-

1044 1495 1189 1537 decim
1262 1494 1524 1536 monasteria
1594 1493 1850 1542 construxit,

1042 1567 1143 1607 quae
1174 1553 1354 1608 optimis
1387 1552 1605 1602 institutis,
1626 1551 1850 1606 ‘exemplo

1043 1609 1298 1661 sanctitatis,
1322 1609 1472 1652 multis
1505 1611 1639 1652 etiarn
1670 1610 1849 1664 sequen·

1044 1670 1163 1711 tibus
1181 1669 1309 1724 {ignis
1331 1676 1376 1710 et
1396 1668 1617 1710 miraculis
1635 1668 1852 1717 fundauit,

1045 1728 1455 1781 monachorumque
1497 1726 1697 1781 regulam
1750 1740 1851 1780 pru-

1044 1786 1290 1827 dentissime
1324 1799 1374 1826 ac
1402 1785 1646 1826 luculenter
1680 1783 1851 1838 scripsit.

1045 1843 1173 1898 Obijt
1205 1850 1354 1885 autem
1397 1843 1516 1884 diem
1548 1843 1683 1892 suum,
1717 1855 1852 1896 quem

1046 1902 1187 1943 multo
1248 1908 1352 1943 ante
1405 1901 1711 1955 praecognouit
1763 1899 1851 1953 ,xij.

1044 1959 1253 2001 calendas
1275 1959 1454 2014 Aprilis.

1069 2081 1114 2127 (I
1148 2079 1446 2120 Annunciatz'o
1466 2079 1528 2120 M
1525 2079 1617 2120 arie
1638 2079 1828 2133 virginis·

1121 2137 1276 2190 duplex
1294 2137 1439 2178 maius
1459 2137 1542 2178 Ad
1571 2135 1777 2190 Vesperas.

1345 2242 1561 2296 Hymnus.

1107 2317 1209 2359 Aue
1232 2317 1365 2359 maris
1387 2316 1541 2360 stella⁸.

1372 2426 1533 2469 Oratio.

1109 2502 1232 2543 Deus
1254 2501 1329 2556 qui
1352 2502 1408 2543 de
1430 2501 1572 2543 beatae
1597 2501 1784 2545 Mariae⁴.

1137 2635 1181 2681 (I
1214 2631 1297 2674 Aa’
1314 2633 1580 2676 matutinum
1602 2634 1764 2676 inuita-

1363 2691 1532 2734 terium.

1110 2764 1210 2807 Aue
1232 2765 1370 2807 maria
1391 2767 1533 2820 gratia
1557 2766 1688 2821 plena
1709 2768 1851 2809 dorni-

1050 2836 1131 2864 nus
1152 2830 1309 2865 tecum.

1121 2978 1568 3072 iiz’iyzssfimfflr-

1314 3038 1338 3061 (Ζ
1356 3039 1370 3062 .’
1463 3053 1470 3062 .
1526 3053 1534 3062 ·
