2066 3392
886 210 1089 243 PRECES.
1771 212 1825 255 45

151 283 311 327 funtffls
332 286 528 340 requiem
550 291 763 328 aeternam
785 286 952 328 donare

151 343 344 398 digneris
368 358 378 386 ε
400 351 444 386 te
466 358 674 399 rogamus
695 344 799 385 audi
821 357 913 385 nos.

209 401 271 443 Vt
297 415 379 444 nos
404 403 618 444 exaudire
648 402 844 456 digneris
871 417 881 444 z
907 407 953 443 te

151 472 360 514 rogamus
381 460 484 501 audi
506 474 598 502 nos,

210 517 292 559 Fili
309 518 381 559 dei
402 531 410 559 :
433 524 477 559 te
495 531 703 572 rogamus
720 517 825 559 audi
843 531 936 558 nos.

208 573 371 630 Agnus
399 576 484 626 dei,
514 577 590 630 qui
619 576 739 617 tollis
768 582 954 629 peccata

151 634 305 675 mundi
329 647 339 675 z
359 647 490 688 parce
512 634 639 675 nobis
660 634 853 675 domine.

206 690 369 746 Agnus
401 692 486 742 dei,
517 692 592 746 qui
623 691 743 733 tollis
771 697 955 746 peccata

150 749 304 790 mundi
327 765 335 790 :
357 750 520 791 exaudi
543 763 623 791 nos
645 749 838 791 domine.

205 806 368 862 Agnus
399 808 483 858 dei,
514 808 589 861 qui
620 807 740 849 tollis
771 812 954 862 peccata

150 865 304 906 mundi
324 879 334 907 :
355 865 556 907 miserere
576 865 715 907 nobis.

207 922 376 965 Christe
401 924 503 965 audi
531 937 621 965 nos.
686 922 854 965 Christe
875 936 954 964 ex-

148 980 252 1022 audi
274 994 366 1023 nos.
409 982 550 1035 Kyrie
571 981 742 1023 eleison.
785 981 954 1024 Christe

149 1038 324 1082 eleison.
387 1039 529 1093 Kyrie
582 1039 755 1082 eleison.
823 1039 954 1080 Pater

149 1096 303 1140 noster.
372 1096 455 1139 'Et
495 1111 551 1139 ne
593 1111 683 1140 nos.
755 1097 810 1138 R.
862 1097 951 1139 Sed

148 1153 285 1196 libera
306 1168 398 1198 nos,

431 1246 669 1301 Psalmus².

242 1320 334 1362 Eus
356 1321 399 1362 in
422 1321 689 1363 adiutorium
716 1334 865 1363 meum
889 1322 953 1363 in-

270 1380 405 1421 tende
424 1394 433 1421 :
456 1380 636 1421 domine
657 1380 714 1422 ad
737 1381 953 1422 adiuuan-

149 1436 256 1479 dum
277 1451 360 1488 me,
382 1437 544 1479 festina.

206 1494 559 1545 confundantur,
581 1501 626 1537 et
652 1501 949 1546 reuereantun

149 1553 224 1608 qui
245 1560 450 1608 quaerunt
470 1554 666 1595 animam
690 1567 848 1596 meam.

205 1611 482 1653 Auertantur
514 1611 746 1653 retrorsum
779 1618 823 1653 et
854 1625 950 1654 eru-

148 1668 326 1711 bescant
345 1670 421 1724 qui
442 1669 598 1711 volunt
620 1670 727 1711 mihi
750 1669 878 1712 mala.

206 1725 484 1769 Auertantur
518 1727 663 1770 statim
696 1728 951 1770 erubescen-

150 1790 217 1827 tes
239 1800 248 1827 :
270 1785 346 1840 qui
367 1785 522 1828 dicunt
544 1785 663 1836 mihi,
682 1786 809 1840 Euge
826 1800 948 1839 euge.

208 1842 439 1893 Exultent‚
452 1850 497 1885 et
514 1843 722 1885 laetentur
735 1844 779 1885 in
797 1850 841 1886 te
855 1858 950 1886 om-

150 1913 238 1950 nes,
269 1902 344 1955 qui
375 1908 580 1956 quaerunt
610 1908 654 1943 te
684 1917 692 1942 :
723 1908 768 1944 et
800 1903 951 1944 dicant

150 1958 328 2013 semper,
374 1959 687 2014 Magnificetur
731 1961 950 2011 dominus,

32 1999 72 2060 s
148 2018 224 2073 qui
245 2017 436 2072 diligunt
458 2018 644 2059 salutare
665 2024 804 2060 tuum.

207 2074 306 2130 Ego
340 2089 445 2117 vero
483 2089 662 2130 egenus,
701 2082 747 2118 et
779 2089 950 2131 pauper

150 2131 241 2175 sum
266 2146 276 2175 :
296 2132 405 2175 deus
426 2133 589 2175 adiuua
610 2147 692 2176 me.

206 2190 401 2233 Adiutor
453 2204 591 2241 meus
646 2197 692 2234 et
741 2191 952 2234 liberator

150 2261 274 2291 meus
293 2262 340 2291 es
362 2256 408 2291 tu
431 2265 440 2291 ε
459 2249 640 2291 domine
661 2263 716 2291 ne
739 2250 930 2292 moreris.

217 2305 264 2349 V.
325 2305 485 2349 Saluos
533 2307 601 2349 sac
647 2307 791 2349 seruos
838 2314 951 2350 tuos,

150 2362 204 2407 R.
260 2364 382 2407 Deus
417 2378 541 2406 meus
573 2365 796 2419 sperantes
822 2366 864 2407 in
894 2372 950 2408 te.

161 2421 207 2464 V.
244 2422 348 2464 Esto
370 2423 498 2465 nobis
519 2423 698 2464 domine
714 2424 845 2465 turris
866 2423 951 2465 for-

149 2480 361 2524 titudinis.
431 2481 486 2523 R.
528 2480 573 2522 A
621 2481 732 2522 facie
773 2482 951 2524 inimici.

163 2536 208 2580 V.
256 2538 376 2579 Nihil
418 2537 619 2592 proficiat
660 2539 864 2580 inimicus
906 2541 949 2581 in

152 2595 286 2637 nobis.
353 2596 407 2637 R.
450 2596 511 2637 Et
552 2596 664 2638 filius
705 2597 951 2651 iniquitatis

151 2666 239 2695 non
274 2660 470 2708 apponat
504 2667 661 2696 nocere
698 2655 837 2696 nobis.
904 2655 950 2697 V.

153 2710 343 2753 Domine
376 2724 463 2752 non
501 2711 737 2754 secundum
769 2719 953 2767 peccata

152 2767 293 2810 nostra
326 2768 460 2810 facias
496 2770 632 2811 nobis.
692 2770 747 2811 R.
792 2771 951 2825 Neque

152 2825 386 2868 secundum
409 2826 664 2881 iniquitates
693 2828 860 2870 nostras
887 2843 950 2870 re-

150 2883 316 2925 tribuas
346 2884 483 2926 nobis.
557 2884 603 2927 V.
636 2885 827 2928 Oremus
869 2901 948 2941 pro

222 2973 234 2996 ¹
269 2974 319 3011 V:
343 2974 426 3011 add.
448 2976 485 3011 P.
506 2976 549 3011 A.

221 3021 235 3043 ²
260 3019 448 3067 [Psalmus
464 3022 538 3068 69]

1022 286 1233 341 pontifice
1280 288 1436 330 nostro.
1503 289 1558 330 R.
1608 289 1829 331 Dominus

1021 345 1250 387 conseruet
1281 360 1396 395 eum,
1421 352 1465 388 et
1492 346 1687 388 viuificet
1715 361 1829 396 eum,

1022 409 1067 444 et
1093 403 1274 444 beatum
1303 403 1436 446 faciat
1467 418 1568 445 eum
1602 405 1644 445 in
1674 411 1790 446 terra
1820 421 1829 446 :

1023 467 1067 502 et
1104 474 1193 502 non
1230 462 1378 503 tradat
1414 475 1515 503 eum
1553 462 1596 503 in
1633 463 1828 504 animam

1024 518 1302 560 inimicorum
1344 520 1449 560 eius.
1528 519 1573 561 V.
1636 520 1827 562 Oremus

1023 589 1103 630 pro
1144 575 1500 618 benefafitoribus
1541 577 1706 619 nostris.
1772 578 1829 621 R.

1025 634 1287 676 Retribuere
1301 636 1484 688 dignare
1495 635 1675 677 domine
1689 636 1830 677 omni-

1023 692 1106 733 bus
1133 693 1260 734 nobis
1283 693 1400 734 bona
1423 692 1684 735 facientibus
1698 707 1829 748 prop-

1023 755 1091 791 ter
1117 764 1279 792 nomen
1302 757 1427 792 tuum
1450 751 1587 792 vitam
1615 757 1829 793 aeternam

1023 821 1166 850 amen.
1230 808 1274 851 V.
1311 808 1501 850 Oremus
1524 823 1603 863 pro
1625 809 1829 854 fidelibus

1023 865 1254 908 defunctis.
1286 867 1341 909 R.
1374 868 1593 921 Requiem
1616 869 1828 909 aeternam

1023 924 1143 965 dona
1160 925 1222 966 eis
1236 925 1417 966 domine
1433 931 1502 967 :et
1518 925 1598 966 lux
1616 932 1830 980 perpetua

1023 981 1168 1024 luceat
1209 983 1282 1024 eis.
1361 982 1408 1025 V.
1451 983 1747 1037 Requiescant
1783 984 1826 1024 in

1025 1053 1144 1093 pace.
1204 1040 1261 1082 R.
1303 1040 1464 1082 Amen.
1539 1041 1584 1083 V.
1628 1042 1711 1083 Pro
1743 1041 1827 1082 fra-

1023 1098 1164 1139 tribus
1180 1098 1335 1140 nostris
1349 1098 1613 1140 absentibus.
1643 1099 1698 1141 R.
1732 1099 1829 1142 Sal-

1024 1170 1104 1197 uos
1140 1156 1209 1198 sac
1247 1156 1393 1198 seruos
1429 1163 1530 1198 tuos
1564 1158 1672 1198 deus
1706 1171 1830 1199 meus

1024 1214 1247 1267 sperantes
1284 1215 1327 1255 in
1369 1220 1423 1256 te.
1497 1214 1543 1257 V.
1592 1215 1725 1256 Mitte
1765 1216 1829 1257 eis

1022 1272 1204 1313 domine
1225 1273 1444 1314 auxilium
1469 1273 1525 1314 de
1551 1272 1711 1315 saneto.
1773 1273 1830 1316 R.

1025 1330 1085 1372 Et
1101 1330 1158 1371 de
1171 1330 1260 1371 slon
1279 1337 1403 1372 tuere
1419 1345 1506 1373 eos.
1557 1330 1602 1373 V.
1634 1331 1830 1373 Domine

1023 1388 1188 1430 exaudi
1210 1389 1455 1430 orationem
1479 1402 1637 1430 meam.
1679 1389 1735 1432 R.
1769 1389 1829 1431 Et

1021 1445 1190 1523 clamaor
1210 1460 1335 1488 meus
1357 1447 1414 1488 ad
1436 1453 1482 1489 te
1502 1447 1661 1490 veniat.
1719 1446 1830 1490 Ore-

1022 1517 1122 1545 mus
1145 1537 1154 1547 .

1343 1597 1509 1639 Oratio.

1028 1683 1220 1767 DEus,
1234 1683 1303 1726 cui
1318 1684 1545 1738 proprium
1563 1683 1624 1725 est
1639 1683 1828 1725 misereri

1158 1741 1339 1796 semper,
1367 1749 1413 1784 et
1444 1755 1635 1796 parcere,
1666 1742 1828 1796 suscipe

1021 1799 1380 1854 deprecationem
1409 1799 1601 1841 nostram
1628 1815 1636 1841 :
1658 1805 1703 1841 et
1734 1814 1828 1848 nOS,

1020 1864 1064 1899 et
1086 1872 1242 1899 omnes
1268 1856 1457 1899 famulos
1482 1864 1597 1906 tuos,
1617 1871 1730 1911 quos
1752 1859 1827 1899 de-

1020 1914 1224 1958 liffi’corum
1247 1923 1405 1957 catena
1426 1915 1683 1969 constringit
1701 1931 1710 1957 ε
1732 1915 1829 1957 mis·

1020 1974 1159 2015 eratio
1180 1979 1269 2015 tuae
1290 1974 1470 2028 pietatis
1491 1972 1722 2015 absoluat⁴.

1342 2086 1508 2129 Oratio.

1027 2171 1259 2255 EXaudi
1274 2171 1524 2226 quaesumus
1537 2172 1718 2214 domine
1734 2172 1829 2227 sup-

1137 2229 1303 2284 plicum
1333 2244 1483 2284 preces
1511 2243 1521 2272 :
1546 2236 1591 2272 et
1616 2230 1829 2272 confiten-

1020 2288 1131 2328 tium
1149 2288 1229 2329 tibi
1252 2301 1383 2342 parce
1400 2288 1593 2342 peccatis
1614 2304 1623 2329 ε
1646 2295 1693 2330 vt
1715 2289 1828 2343 pari-

1020 2351 1090 2386 ter
1124 2346 1253 2387 nobis
1289 2346 1616 2400 indulgentiam
1658 2347 1829 2388 tribuas

1020 2403 1251 2458 benignus,
1273 2409 1318 2446 et
1339 2417 1509 2458 pacem.

1281 2511 1393 2553 Alia
1413 2511 1563 2553 oratio.

1076 2596 1342 2639 Neffabilem
1377 2596 1505 2638 nobis
1538 2595 1719 2638 domine
1748 2597 1829 2638 mi-

1109 2654 1384 2696 sericordiam
1422 2661 1546 2695 tuam
1587 2654 1829 2696 clementer

1020 2713 1232 2755 ostende:
1263 2720 1310 2754 vt
1337 2713 1459 2754 simul
1491 2726 1572 2753 nos
1601 2719 1645 2754 et
1674 2711 1698 2753 il
1728 2726 1828 2766 pcc·

1021 2771 1131 2813 catis
1159 2770 1366 2812 omnibus
1397 2784 1538 2812 exuas
1563 2786 1571 2811 :
1601 2777 1644 2812 et
1675 2769 1701 2811 a
1733 2784 1827 2824 poe-

1023 2830 1102 2879 nis,
1122 2841 1233 2883 quas
1259 2842 1340 2883 pro
1367 2828 1435 2870 his
1462 2841 1683 2870 meremur
1711 2842 1719 2869 :
1746 2830 1829 2869 eri-

1023 2887 1131 2942 pias.

1094 2976 1110 2999 ³
1134 2977 1235 3013 omit.
1258 2978 1296 3013 P.

1096 3024 1109 3047 ⁴
1134 3025 1301 3061 obsoluat
1327 3038 1333 3060 ι
1363 3026 1399 3060 Ρ.
1414 3027 1485 3071 per
1501 3037 1673 3061 errorem.
