2066 3392
859 214 1137 248 AUGUSTUS.

163 296 209 343 (Ι
232 293 272 336 A
268 293 475 348 fficmptio
494 293 664 335 Μανία»
682 291 875 347 virginis
887 291 967 333 du-

210 352 314 406 plex
351 352 496 393 maius
531 358 576 394 et
600 351 732 393 habet
768 351 967 392 odanam

220 409 305 452 Ad
319 409 520 463 vesperas.

458 499 672 552 Hymnus.

221 587 325 628 Aue
347 586 479 628 maris
501 586 622 628 stella
631 585 652 628 ².

487 704 650 747 Oratio.

170 780 516 864 FAmulorum
568 786 747 821 tuorum
801 778 970 833 quaesu-

261 853 359 880 mus
379 838 560 880 domine
576 836 750 879 defletis
773 837 967 891 ignosce:

164 903 214 940 vt
252 897 328 952 qui
369 896 450 938 tibi
493 896 670 950 placere
705 896 762 937 de
798 892 970 936 aftibus

165 955 321 997 nostris
352 968 442 996 non
473 954 674 995 valemus
705 966 714 995 :
745 953 970 1007 genitricis

166 1013 242 1067 filij
286 1013 351 1055 tui
386 1012 556 1054 domini
596 1011 727 1053 nostri
767 1011 969 1052 interces-

164 1071 283 1113 slone
305 1071 523 1112 saluemur
545 1086 554 1112 ε
575 1083 655 1124 per
675 1069 878 1111 eundem.

167 1191 212 1238 (Ι
234 1188 318 1230 Ad
340 1188 606 1230 matutinum
633 1186 970 1230 z'nuz'tatorz'unff.

223 1263 388 1305 Venite
396 1263 632 1304 adoremus
640 1275 789 1316 regem
805 1275 973 1316 regum,

166 1322 290 1363 cuius
303 1322 428 1375 virgo
446 1327 589 1362 mater
604 1320 737 1362 hodie
751 1320 972 1375 assumpta

167 1379 229 1422 est
251 1380 306 1421 ad
330 1379 506 1421 coelum.

464 1485 682 1539 Hymnus.

228 1561 269 1604 O
291 1560 479 1616 gloriosa
500 1560 695 1602 domina.

224 1679 368 1722 Lccvio
389 1680 519 1722 tertia
539 1679 795 1733 exfhrmone
814 1678 929 1721 beati

456 1737 692 1779 Bernardzz

171 1811 366 1895 VIrgo
393 1810 527 1852 hodie
548 1810 735 1865 gloriosa
757 1809 888 1852 caelos
911 1810 975 1851 as-

277 1869 470 1911 cendens
489 1868 795 1923 :supernorum
809 1869 974 1922 gaudia

171 1927 335 1970 ciuium
364 1940 374 1969 :
399 1927 582 1981 copiosis
613 1926 701 1967 sine
731 1926 868 1967 dubio
900 1940 975 1967 cu-

172 1985 361 2028 mulauit
410 1985 672 2038 augmentis.
750 1984 863 2025 Haec
914 1983 975 2024 est

173 2044 292 2085 enim
333 2043 457 2084 cuius
495 2042 768 2083 salutationis
803 2055 894 2083 vox
931 2047 975 2082 et

173 2101 287 2156 ipsos
325 2099 528 2142 exultare
569 2099 674 2140 facit
715 2099 758 2140 in
798 2099 976 2153 gaudio,

174 2172 286 2213 quos
347 2163 548 2199 materna
607 2156 754 2199 adhuc
814 2156 977 2198 viscera

174 2216 388 2258 claudunt
424 2214 556 2269 Quod
594 2215 623 2255 si
664 2213 836 2268 paruuli
875 2227 977 2255 nec-

176 2275 283 2317 dum
305 2273 398 2314 nati
420 2273 570 2314 anima
591 2269 826 2326 liquefafta
849 2271 908 2313 est
929 2277 977 2313 vt

177 2331 315 2373 maria
343 2330 492 2372 locuta
519 2329 580 2371 est
602 2329 739 2384 :quid
768 2335 978 2383 putamus

176 2401 385 2444 quaenam
437 2387 512 2429 illa
562 2386 691 2429 suerit
736 2386 977 2428 coelestium

177 2446 397 2489 exultatio
435 2459 445 2487 ε
482 2458 582 2487 cum
625 2450 668 2486 et
704 2458 859 2486 vocem
902 2458 979 2486 au-

177 2505 286 2556 dire,
308 2508 352 2545 et
373 2503 522 2544 videre
544 2502 700 2544 faciem
726 2516 735 2544 :
757 2508 801 2544 et
827 2500 979 2543 beata³

179 2562 273 2603 eius
309 2560 390 2602 frui
428 2560 658 2615 praesentia
694 2559 979 2601 meruerunt?

180 2618 323 2661 Nobis
367 2632 471 2660 vero
511 2618 753 2669 charissimi,
793 2631 893 2672 quae
936 2618 979 2659 in

179 2677 272 2719 eius
293 2676 586 2730 assumptione
615 2675 886 2717 solennitatis
907 2688 981 2716 oc-

179 2734 316 2776 casio?
346 2747 446 2789 quae
475 2731 622 2775 causa⁴
650 2732 848 2775 laetitiae?
879 2746 980 2787 quae

180 2792 365 2834 materia
377 2790 668 2846 gaudiorum?
701 2791 855 2832 Mariae
870 2804 980 2845 prae-

250 2932 261 2955 ¹
288 2937 357 2968 etc.
372 2930 455 2967 add,
467 2932 509 2966 R.
522 2932 559 2966 P.
587 2929 966 2966 cte.so.vlti:add.A.

250 2979 265 3002 ‘²
290 2979 350 3015 die
373 2986 410 3023 15
429 2979 470 3013 in
490 2990 535 3013 m.

250 3027 264 3050 ³
288 3027 438 3062 beatam
462 3027 531 3061 :A.

1759 212 1839 254 149

1034 291 1171 332 sentia
1192 294 1314 331 totus
1336 289 1574 332 illustratur
1590 290 1707 332 orbis
1724 292 1838 333 adeo

1033 355 1082 390 vt
1099 348 1190 402 ipsa
1207 349 1295 389 iam
1313 347 1499 390 coelestis
1521 349 1664 402 patria
1680 347 1839 390 clarius

1036 406 1185 448 rutilet
1224 406 1435 460 virgineae
1476 406 1696 460 lampadis
1735 407 1840 448 irra-

1035 465 1159 506 diata
1199 464 1381 518 fulgore.
1446 464 1610 505 Merito
1651 465 1839 518 proinde

1036 522 1209 564 resonat
1264 523 1308 562 in
1360 521 1543 563 excelfis
1595 522 1838 574 gratiarum

1036 579 1153 622 aestio
1181 586 1226 622 et
1253 594 1344 622 vox
1375 579 1529 622 laudis.
1592 579 1682 622 Sed
1714 580 1837 634 plan-

1036 639 1232 692 gendum
1251 638 1380 679 nobis
1397 638 1544 692 potius
1560 651 1694 692 quam
1715 637 1840 693 plau-

1035 697 1233 738 dendum
1256 696 1340 737 esse
1360 696 1543 738 videtur.
1607 696 1838 751 Quantum

1036 755 1154 796 enim
1189 755 1246 796 de
1281 755 1374 795 eius
1410 754 1643 808 praesentia
1676 754 1838 796 coelum

1037 813 1211 854 exultat
1226 828 1234 853 :
1249 813 1448 866 nunquid
1465 826 1552 855 non
1563 812 1839 866 ⁴consequens

1037 871 1098 912 est
1128 878 1177 912 vt
1208 876 1383 912 tantum
1416 870 1567 924 lugeat
1597 870 1668 911 hic
1697 870 1842 912 noster

1037 928 1216 970 inferior
1235 929 1438 979 mundus,
1458 929 1551 970 eius
1570 928 1840 970 absentiam?

1038 987 1181 1029 Cesset
1198 993 1347 1028 tamen
1363 985 1542 1041 querela
1556 987 1721 1028 nostra:
1736 988 1840 1041 quia

1037 1059 1118 1086 nec
1136 1045 1264 1086 nobis
1282 1045 1352 1086 hic
1369 1044 1430 1086 est
1452 1058 1636 1086 manens
1653 1045 1810 1086 ciuitas
1832 1059 1841 1087 :

1039 1103 1111 1144 sed
1149 1101 1271 1144 eam⁵
1304 1102 1564 1156 inquirimus
1606 1104 1661 1144 ad
1704 1117 1839 1158 quam

1039 1161 1172 1202 hodie
1198 1161 1343 1202 Maria
1370 1159 1606 1202 benediGta
1627 1162 1840 1215 peruenit.

1041 1219 1092 1260 In
1125 1233 1260 1273 quam
1297 1219 1325 1260 fi
1357 1219 1588 1273 conscripti
1620 1220 1739 1260 ciues
1777 1219 1842 1260 su-

1040 1291 1139 1318 mus
1164 1290 1173 1318 :
1195 1277 1379 1330 dignum
1402 1275 1601 1331 profefto
1623 1277 1683 1319 est
1706 1278 1840 1319 etiam

1041 1336 1083 1376 in
1117 1335 1255 1376 exilio
1289 1348 1298 1376 ε
1329 1335 1462 1376 etiam
1497 1335 1624 1389 super
1658 1335 1843 1377 flumina

1042 1392 1285 1447 Babylonis
1327 1393 1420 1434 eius
1461 1407 1540 1434 nos
1578 1395 1796 1435 recordari
1835 1410 1843 1435 :

1041 1452 1135 1492 eius
1160 1452 1489 1492 communicare
1516 1451 1693 1505 gaudijs
1718 1465 1726 1493 :
1749 1453 1844 1493 eius

1041 1509 1306 1563 participare
1342 1509 1543 1550 laetitiam
1580 1525 1590 1550 ;
1625 1510 1843 1551 maxime-

1041 1581 1128 1621 que
1159 1581 1258 1608 eam
1290 1581 1390 1622 quae
1423 1574 1516 1608 tam
1549 1567 1726 1621 copioso
1763 1568 1845 1608 im-

1041 1631 1147 1679 petu
1197 1625 1392 1667 laetificat
1439 1625 1573 1667 hodie
1617 1625 1845 1668 ciuitatem

1041 1684 1112 1724 dei
1132 1689 1201 1725 :vt
1218 1683 1456 1725 sentiamus
1473 1689 1517 1724 et
1535 1683 1610 1737 ipsi
1628 1683 1845 1726 stillicidia

1042 1741 1249 1783 stillantia
1266 1741 1392 1796 super
1412 1747 1587 1783 terram.
1631 1742 1846 1784 Praecefflt

1041 1813 1122 1840 nos
1163 1800 1315 1854 regina
1355 1799 1501 1840 nostra
1541 1801 1764 1854 praecesslt,
1801 1806 1846 1842 et

1041 1864 1134 1899 tam
1153 1857 1351 1911 gloriosae
1370 1857 1565 1911 suscepta
1582 1857 1654 1907 est,
1669 1864 1717 1899 vt
1735 1857 1847 1900 fidu-

1041 1915 1211 1957 cialiter
1242 1915 1478 1969 sequantur
1504 1916 1733 1957 dominam
1764 1916 1847 1957 ser-

1042 1973 1132 2014 uuli
1165 1972 1422 2023 clamantes,
1455 1973 1603 2014 Trahe
1637 1987 1718 2014 nos
1749 1974 1847 2028 post

1042 2037 1087 2072 te
1116 2046 1125 2072 t
1154 2030 1196 2071 in
1227 2031 1364 2072 odore
1390 2037 1716 2084 vnguentorum
1749 2038 1847 2073 tuo-

1043 2102 1138 2130 rum
1157 2102 1392 2130 curremus.
1431 2089 1716 2130 Aduocatam
1736 2103 1848 2143 prae-

1045 2147 1156 2188 misit
1203 2146 1500 2200 peregrinatio
1548 2146 1704 2196 nostra,
1746 2161 1848 2202 quae

1043 2210 1257 2258 tanquam
1276 2204 1432 2245 iudicis
1450 2210 1591 2245 mater
1614 2217 1624 2246 :
1644 2211 1689 2246 et
1706 2212 1849 2247 mater

1045 2262 1350 2303 misericordiae
1369 2261 1621 2315 suppliciter
1636 2268 1681 2303 et
1703 2263 1848 2304 effica—

1045 2321 1153 2362 citer
1178 2319 1327 2361 salutis
1353 2319 1510 2361 nostrae
1539 2320 1724 2375 negocia
1752 2334 1851 2376 per·

1046 2376 1264 2419 traetabit.

1046 2486 1090 2532 (Ι
1107 2483 1360 2524 Bcrnardus
1374 2483 1507 2524 abbas
1521 2482 1676 2537 duplex
1693 2485 1850 2530 minus.

1278 2541 1423 2582 Leb‘z'z'o
1455 2542 1582 2583 tertia
1592 2542 1615 2584 ⁰.

1059 2616 1357 2698 ssErnardus
1375 2616 1592 2657 Fontanis
1607 2618 1742 2671 (quod
1761 2619 1850 2659 cas-

1159 2674 1315 2715 tellum
1364 2673 1425 2715 est
1477 2674 1519 2715 in
1574 2674 1848 2731 Burgundia)

1049 2731 1241 2773 honestis
1276 2731 1534 2786 parentibus
1570 2739 1702 2774 natus
1739 2739 1853 2775 tcm-

1050 2803 1156 2844 pore
1197 2789 1390 2843 Eugenij
1431 2803 1559 2844 papae
1597 2791 1712 2845 tertij
1756 2798 1848 2835 tam

1121 2929 1133 2951 ⁴
1159 2940 1242 2965 eam
1266 2941 1272 2964 :
1295 2930 1332 2964 P.

1120 2977 1133 2997 ⁵
1159 2988 1243 3011 cam
1266 2989 1273 3012 :
1293 2988 1360 3012 om.
1385 2977 1421 3012 P.

1121 3023 1135 3043 ἦ
1160 3024 1219 3059 die
1241 3033 1283 3059 20
1301 3025 1340 3059 ιή
1360 3036 1405 3059 m.
