2066 3392
214 202 291 242 118

207 300 488 337 memoratur.
550 295 689 350 Apud
741 294 1007 337 Caesaream¹

211 350 402 406 Philippi
432 353 475 393 in
505 354 651 394 radice
682 354 846 395 montis
882 353 1004 406 Panij

205 409 279 450 vbi
296 411 434 451 oritur
453 411 654 452 Iordanis
672 410 852 452 fluuius²
869 411 1006 452 veteri

207 468 352 520 gentis
381 468 497 509 illius
527 469 725 510 instituto
747 469 1008 510 immolaba-

206 530 278 565 tur
306 525 471 567 solenni
500 526 697 580 quodam
721 527 792 568 die
814 525 1007 576 vistima,

206 595 306 636 quae
372 585 589 625 daemonis
652 585 884 638 praestigijs
943 599 1009 625 re-

206 647 340 694 pente
372 642 553 692 sublata,
586 642 630 683 in
667 642 829 684 coelum
868 642 1007 684 efferri

206 700 478 741 credebatur.
529 699 611 741 Cui
635 699 883 754 speEtaculo
905 714 1006 741 cum

206 755 320 798 forte
333 757 532 798 Asterius
550 758 779 808 interesset,
794 764 838 799 et
853 772 1007 799 omnes

205 814 374 856 videret
397 816 612 857 attonitos
643 816 762 869 spem
794 816 1005 866 miraculi,

205 872 432 925 publicum
504 887 696 914 errorem
767 874 1007 923 miseratus,

205 930 339 971 deum
377 931 476 972 fufis
513 931 751 985 lachrymis
788 932 1004 979 exorauit,

205 994 253 1029 vt
284 989 525 1043 praestigias
554 989 797 1031 diabolicas
826 991 1006 1043 detege-

205 1052 280 1087 ret.
361 1046 520 1101 Itaque
571 1048 773 1101 protinus
825 1046 1007 1089 vffifima

205 1103 387 1146 flumine
424 1105 581 1146 deferri
623 1103 791 1146 cunfflfis
828 1105 1005 1147 astanti-

204 1161 288 1203 bus
329 1161 563 1216 conspetffta
613 1163 685 1214 est,
731 1177 783 1204 ac
835 1170 1006 1205 mentes

205 1219 396 1273 ipsorum
434 1235 579 1262 errore
616 1221 857 1275 pernicioso
899 1222 1005 1263 libe-

204 1284 322 1320 ratae.
378 1279 466 1320 Hic
488 1292 590 1320 cum
613 1280 656 1320 in
678 1280 784 1320 vrbe
808 1279 1007 1322 Caesarea

206 1335 434 1378 Palestinae
487 1338 698 1391 martyrio
750 1338 1006 1379 interfuisset

203 1394 322 1435 beati
361 1394 516 1436 Militis
555 1396 728 1445 Marini,
766 1395 1006 1449 corpusque

204 1451 319 1493 illius
379 1452 573 1494 humeris
624 1454 680 1494 ad
736 1453 1005 1507 sepulturam

203 1510 386 1560 efferret,
439 1509 681 1552 abstra5tus
732 1511 788 1552 ab
839 1511 1005 1552 infideli

203 1567 370 1621 populo
399 1569 443 1609 in
474 1568 561 1610 fide
590 1568 794 1610 constans
815 1568 1005 1623 glorioso

203 1627 415 1679 martyrio
466 1633 704 1668 coronatur
764 1642 813 1669 .v.
864 1641 1005 1668 nonas

204 1684 354 1737 Martij
405 1684 646 1726 Valeriano
706 1690 750 1726 et
802 1684 1005 1726 Gallieno

203 1742 554 1796 imperatoribus.

323 1841 367 1886 {I
391 1838 557 1880 Lucius
568 1847 685 1894 papa
706 1847 889 1894 martyr.

469 1897 615 1939 Lec‘Zz'o
638 1897 733 1951 .iz‘j3.

213 1971 396 2054 Heius
425 1973 568 2026 patria
599 1973 831 2015 Romanus
864 1973 1006 2025 Gallo,

315 2029 566 2080 Volufiano,
594 2031 812 2082 Gallieno,
837 2039 881 2074 et
915 2033 1005 2074 Va-

203 2087 369 2128 leriano
401 2088 742 2142 imperatoribus
774 2090 1006 2144 pontifica-

202 2151 297 2186 tum
320 2147 454 2200 gessit.
506 2146 708 2200 Quorum
731 2149 1005 2202 temporibus

203 2209 329 2244 tanta
387 2204 430 2244 in
503 2205 762 2246 christianos
838 2206 1005 2248 saeuitia

203 2268 362 2302 exorta
402 2262 472 2312 est,
510 2268 559 2304 vt
607 2277 762 2316 paucae
814 2264 1004 2318 ipsorum

204 2320 378 2370 domus,
397 2320 563 2361 nedum
578 2322 792 2363 ciuitates.
809 2328 885 2363 aut
903 2336 1005 2376 pro-

204 2377 362 2418 uinciae
393 2378 556 2419 fuerint
598 2380 691 2420 eius
733 2380 1004 2422 calamitatis

203 2441 421 2488 expertes.
509 2437 598 2477 Hic
649 2437 782 2491 igitur
833 2452 1003 2479 romam

203 2499 379 2534 mortuo
416 2493 665 2545 Volufiano,
701 2494 727 2536 a
762 2509 851 2549 quo
895 2496 1003 2537 rele-

203 2556 333 2604 gatus
375 2551 526 2601 fuerat,
565 2552 760 2594 reuersus
802 2569 810 2594 z
847 2554 1003 2595 consti-

203 2609 300 2658 tuit,
322 2614 370 2650 vt
401 2610 493 2650 bini
525 2609 771 2664 presbyteri
803 2625 855 2652 ac
887 2612 1001 2653 terni

202 2666 377 2707 diaconi
399 2667 650 2721 episcopum
680 2669 841 2722 vbique
867 2670 1002 2710 comi-

203 2730 402 2765 tarentur
443 2741 451 2765 :
492 2725 622 2766 testes
662 2726 868 2768 videlicet
909 2727 1002 2768 eius

202 2782 318 2832 vitae,
348 2780 662 2837 affionumque
692 2784 838 2835 futuri,
872 2784 1003 2827 Ordi-

273 2892 286 2913 1
313 2893 512 2928 Caesariam
536 2906 542 2929 :
563 2895 602 2930 P.
616 2895 659 2929 A.

273 2939 286 2960 ²
313 2940 408 2974 filius
434 2942 498 2975 ;Ρ.

273 2986 287 3008 ³
312 2987 373 3022 die
389 2996 421 3029 4.
441 2988 483 3021 in
501 2999 547 3022 m.

273 3032 286 3055 4
312 3033 372 3068 die
389 3042 420 3077 7.
439 3035 481 3068 in
499 3046 546 3071 m.

923 218 1164 252 MARTIUS.

1078 296 1334 337 nationibus
1363 295 1491 336 sacris
1519 302 1585 337 ter
1614 293 1760 336 mense
1789 293 1879 335 De-

1078 353 1244 394 cembri
1276 354 1450 404 habitis,
1482 353 1762 407 presbyteros
1794 350 1878 404 .iiij.

1078 411 1291 453 diaconos
1355 411 1440 465 .iiij.
1507 411 1735 464 episcopos
1795 409 1876 462 .vij.

1078 470 1254 510 creauit.
1321 470 1517 510 Demum
1547 468 1726 509 iubente
1746 466 1878 508 Vale-

1078 527 1202 567 riano
1219 528 1434 568 acerrimo
1451 526 1669 571 christiani
1687 525 1878 566 nominis

1077 585 1211 633 hoste,
1233 585 1497 638 martyrium
1530 584 1686 637 passus,
1714 583 1758 624 in
1789 596 1878 624 coe-

1077 643 1261 683 meterio
1302 642 1449 684 Calisti
1482 641 1675 695 sepultus
1703 640 1764 682 est
1792 640 1875 694 .iiij.

1078 713 1217 741 nonas
1241 700 1405 753 Martij.
1469 700 1582 742 Cum
1612 698 1781 740 sedisset
1801 712 1877 739 an-

1077 772 1157 799 nos
1180 764 1281 807 tres,
1303 758 1472 798 menses
1495 757 1565 810 .iij.
1627 755 1716 810 Qui
1745 756 1879 798 Vale-

1079 817 1228 856 rianus
1271 816 1450 856 meritas
1502 815 1587 856 suae
1638 814 1878 868 impietatis

1077 887 1233 927 poenas
1270 887 1377 914 mox
1409 873 1544 922 dedit,
1580 886 1683 913 nam
1724 871 1876 926 paulo-

1076 931 1172 985 post
1201 931 1482 972 christianum
1514 944 1676 971 nomen
1706 931 1763 971 ab
1785 929 1877 983 ipso

1074 990 1228 1030 vexari
1256 996 1467 1043 coeptum,
1495 989 1539 1029 in
1570 987 1687 1029 bello
1715 987 1877 1042 persico

1075 1046 1217 1088 vffikus
1268 1047 1339 1096 est,
1399 1046 1609 1100 viuusque
1658 1046 1780 1087 venit
1831 1046 1875 1087 in

1074 1104 1557 1158 hostiumpotestatem.
1606 1104 1745 1158 Apud
1764 1117 1875 1158 quos

1074 1169 1167 1204 tam
1205 1162 1508 1204 miserabiliter
1548 1163 1591 1202 in
1629 1162 1877 1215 turpissima

1074 1221 1281 1262 seruitute
1309 1221 1434 1270 vixit,
1457 1227 1504 1262 vt
1534 1220 1707 1274 quoties
1738 1220 1875 1261 Paco-

1075 1293 1147 1319 rus
1177 1279 1398 1333 persarum
1425 1292 1504 1319 rex
1535 1291 1697 1332 equum
1730 1277 1875 1318 ascen-

1075 1337 1209 1383 deret,
1245 1337 1366 1378 velut
1400 1336 1588 1378 scabello
1622 1335 1750 1376 dorso
1783 1336 1876 1377 eius

1073 1401 1277 1436 vteretur.

1075 1488 1119 1533 (I
1151 1485 1337 1527 Thomas
1357 1485 1568 1539 confeſjbr.
1609 1484 1755 1525 Ledio
1776 1481 1874 1538 .iz'j⁴.

1161 1571 1333 1612 Homas
1357 1571 1423 1611 vir
1450 1569 1653 1612 dofkrina
1682 1576 1726 1611 et
1756 1570 1874 1611 sanc-

1193 1629 1323 1670 titate
1359 1628 1502 1669 clarus
1539 1628 1707 1681 Aquini
1745 1634 1875 1669 natus

1078 1685 1176 1727 loco
1206 1686 1356 1727 illustri
1378 1700 1437 1727 ex
1458 1686 1671 1727 comitum
1694 1685 1873 1734 familia,

1074 1744 1216 1798 patria
1243 1744 1412 1785 vastata
1440 1742 1467 1785 a
1498 1743 1706 1785 Conrado
1737 1743 1873 1797 impe-

1074 1808 1228 1851 ratore,
1276 1800 1451 1843 reli&us
1503 1801 1563 1842 est
1609 1800 1635 1842 a
1676 1801 1874 1855 profugis

1075 1860 1330 1913 parentibus
1353 1860 1396 1900 in
1423 1859 1629 1900 coenobio
1658 1858 1874 1901 Casmenfi

1076 1918 1305 1958 monachis
1359 1918 1711 1958 commendatus.
1785 1917 1873 1958 Vbi

1075 1975 1332 2029 aliquandiu
1355 1975 1490 2016 literis
1512 1974 1686 2023 studuit,
1703 1988 1754 2015 ac
1777 1975 1874 2016 reli-

1073 2034 1204 2087 gioni.
1269 2034 1444 2074 Deinde
1467 2032 1710 2074 monachus
1732 2033 1875 2086 predi-

1075 2097 1275 2132 catorum
1307 2092 1474 2132 ordinis
1506 2087 1658 2140 fatfftus,
1684 2090 1874 2132 Alberto

1077 2163 1240 2203 magno
1269 2150 1514 2203 preceptori
1544 2162 1724 2202 operam
1751 2148 1874 2190 dedit

1074 2208 1118 2248 in
1153 2213 1376 2248 conuentu
1417 2206 1676 2256 Colonienfi,
1714 2206 1871 2260 quue

1074 2266 1273 2319 processit
1329 2265 1589 2306 eruditionis
1643 2262 1872 2305 indefessa⁶

1073 2337 1189 2373 cura,
1211 2321 1277 2364 et⁶
1298 2322 1462 2376 ingenij
1488 2322 1808 2376 magnitudine,
1826 2328 1875 2363 vt

1073 2381 1202 2422 facile
1230 2381 1527 2434 principatum
1558 2380 1800 2421 obtinuerit
1829 2379 1872 2421 in

1074 2438 1302 2492 gymnasio
1330 2438 1558 2479 Parifienfi.
1619 2437 1706 2478 Vbi
1730 2437 1875 2491 philo-

1074 2496 1284 2550 sophiam,
1317 2496 1676 2549 theologiamque
1712 2495 1874 2545 docuit,

1073 2568 1174 2595 cum
1218 2554 1418 2595 maxima
1459 2553 1534 2594 sua
1574 2553 1717 2594 laude.
1785 2552 1875 2594 Tot

1074 2612 1209 2653 libros
1238 2612 1294 2653 de
1324 2611 1601 2666 philosophia
1629 2624 1680 2651 ac
1705 2610 1875 2652 theolo-

1073 2670 1146 2723 gia
1200 2667 1442 2711 doffiffime
1494 2666 1777 2722 conscripsit',
1825 2675 1873 2710 vt

1073 2727 1256 2781 longum
1278 2727 1328 2768 sit
1350 2740 1620 2768 enumerare.
1672 2725 1872 2779 Quorum

1073 2785 1289 2827 summam
1339 2784 1638 2838 theologicam
1684 2788 1875 2838 quatuor

1143 2896 1157 2919 ⁵
1182 2897 1330 2932 infessa:
1356 2897 1399 2931 A.

1143 2944 1156 2966 ⁶
1181 2944 1227 2979 de
1251 2956 1258 2979 ;
1276 2944 1359 2979 add.
1380 2945 1423 2979 A.

1143 2990 1156 3015 ⁷
1181 2991 1317 3036 scripfit
1341 3005 1348 3027 ;
1371 2992 1407 3026 Ρ.
