2066 3392
25 1645 38 1696 *⁸⁶*—

857 219 990 252 FEBR
996 218 1191 252 UARIUS.
1781 215 1795 244 1
1810 214 1824 243 1
1834 211 1856 254 3

186 297 329 341 molor
355 304 399 340 et
426 297 611 352 subigor,
633 303 680 340 vt
705 297 833 352 panis
859 309 986 338 mun-

130 395 135 398 .
186 357 268 398 dus
299 355 462 398 efficiar
495 355 677 398 Christo.
742 355 889 396 Passus
925 353 986 395 est

186 421 335 457 autem
371 414 566 456 calendis
601 412 839 466 Februarij,
870 425 987 454 anno

187 472 423 515 vndecimo
444 471 634 513 Traiani.

188 565 233 612 (I
280 562 537 618 Purificatz'o
585 562 752 604 Marz'oe
799 561 990 616 virginis

430 620 584 674 duplex
603 620 756 661 maius.

304 696 385 737 Ad
402 696 602 751 vesperas
663 696 879 749 Hymnus.

246 770 349 813 Aue
371 772 501 813 maris
524 769 681 813 stella¹.

510 862 672 905 Oratio.

193 930 542 1016 OMnipotens
582 931 842 985 sempiterne
882 931 991 972 deus

313 989 585 1031 maiestatem
618 995 742 1030 tuam
775 989 990 1043 supplices

189 1060 446 1089 exoramus:
494 1054 542 1089 vt
593 1047 698 1088 sicut
739 1047 990 1100 vnigenitus

190 1112 293 1147 tuus
333 1105 545 1146 hodierna
582 1105 653 1146 die
693 1118 793 1146 cum
832 1104 988 1146 nostrae

189 1163 332 1204 carnis
372 1162 608 1204 substantia
644 1163 687 1203 in
723 1162 892 1216 templo
930 1162 990 1203 est

190 1220 494 1275 praesentatus:
526 1222 586 1262 ita
611 1234 692 1261 nos
718 1220 852 1261 facias
874 1220 991 1274 puri-

190 1277 331 1320 ficatis
358 1278 438 1320 tibi
467 1277 688 1320 mentibus
720 1277 990 1332 praesentari:

190 1349 269 1391 per
288 1336 487 1378 eundem.
511 1342 590 1378 etc.

224 1442 307 1485 Ad
323 1443 588 1485 matutinum
610 1440 946 1484 z'nuitatorz'zcm'.

251 1513 367 1554 Ecce
393 1513 514 1554 venit
540 1513 596 1554 ad
624 1511 842 1567 templum
871 1511 989 1553 sanc-

190 1577 286 1613 tum
318 1570 440 1612 suum
478 1571 731 1612 dominator
766 1570 990 1611 dominus:

189 1628 335 1684 gaude
359 1635 403 1670 et
432 1628 582 1670 laetare
612 1627 720 1670 Sion
761 1641 992 1669 occurrens

192 1687 278 1729 deo
298 1692 387 1728 tuo.

478 1761 692 1814 Hymnus.

255 1828 295 1871 O
317 1828 505 1883 gloriosa
525 1829 709 1870 domina
731 1830 833 1870 etc.⁸

236 1929 379 1971 Lec‘lio
399 1930 473 1984 ,izj
494 1943 545 1971 ex
562 1931 697 1983 capite
716 1942 765 1973 .2.
788 1929 943 1973 Lucoe‘.

204 2004 324 2087 ET
342 2003 572 2058 postquam
593 2005 759 2058 impleti
785 2004 879 2046 sunt
901 2005 996 2046 dies

289 2062 563 2115 purgationis
586 2062 692 2103 eius.
704 2062 910 2103 ..Lumen
938 2063 994 2104 ad

198 2118 511 2160 reuelationem
527 2120 739 2173 gentium,
752 2126 795 2161 et
809 2120 994 2173 gloriam

197 2176 341 2231 plebis
364 2183 453 2218 tuae
478 2176 623 2218 Israel.

269 2269 314 2316 (I
338 2267 511 2321 Blafius
530 2267 736 2322 episcopus
758 2275 936 2322 martyr.

429 2324 575 2367 Leaio
596 2326 750 2372 tertia&

282 2393 431 2435 Lafius
479 2407 578 2435 cum
633 2394 858 2443 Sebastiae,
897 2409 997 2450 quae

298 2452 453 2492 ciuitas
475 2451 534 2493 est
554 2451 863 2506 Cappadociae,
881 2453 997 2494 sanc-

198 2509 383 2550 timonia
425 2509 619 2563 polleret.
655 2508 820 2551 elcekus
856 2510 937 2551 est⁰
973 2509 998 2551 a

201 2566 442 2608 christianis
463 2566 655 2607 eiusdem
678 2567 869 2609 ciuitatis
891 2568 999 2622 epis-

200 2638 338 2678 copus
394 2623 672 2665 Diocletiano
723 2625 997 2679 imperatore.

203 2680 293 2724 Sed
328 2681 626 2735 persecutione
664 2683 704 2723 in
743 2682 997 2724 christianos

202 2738 492 2780 inualescente
521 2739 562 2779 in
588 2738 836 2793 speluncam
860 2740 997 2794 Argei

274 2895 284 2918 ¹
309 2902 378 2931 etc.
397 2895 480 2931 add.
499 2896 541 2931 R.
560 2897 597 2931 P.
624 2902 693 2932 etc.
710 2896 769 2932 sol.
783 2897 842 2932 vlt.
861 2897 944 2933 add.
961 2898 1002 2933 A.

273 2942 287 2965 ²
311 2943 371 2978 die
396 2952 426 2987 3.
446 2943 486 2977 in
505 2954 551 2978 m.
573 2943 614 2978 V.
631 2946 705 2989 per
727 2955 899 2980 errorem.
951 2954 970 2980 2
992 2954 999 2977 ε

207 2990 248 3025 R.
270 2990 308 3025 P.
327 2989 372 3025 A.

272 3035 287 3058 ⁸
299 3035 400 3081 solio
417 3040 463 3071 vt
463 3035 590 3083 supra
609 3047 620 3071 :
638 3036 722 3072 add.
742 3038 786 3073 A.

322 3104 357 3135 B.
377 3103 416 3135 N.

1056 295 1190 337 vicini
1242 295 1407 337 montis
1457 294 1668 348 confugit,
1710 294 1859 347 ibique

1057 360 1150 395 tam
1173 354 1247 395 diu
1272 353 1412 401 latuit,
1431 353 1572 394 donec
1594 352 1650 394 ab
1672 352 1859 406 Agrico-

1055 411 1114 453 lai
1135 411 1313 466 presidis
1334 410 1547 452 militibus
1570 411 1613 451 in
1636 423 1689 451 eo
1706 414 1858 450 monte

1056 469 1320 511 venantibus
1355 468 1416 510 est
1452 474 1660 522 repertus,
1722 466 1859 509 Cuius

1057 527 1250 581 praefidis
1287 527 1394 568 iuss‘u
1429 533 1597 580 captus,
1626 531 1671 567 et
1696 525 1739 566 in
1766 524 1858 566 vin-

1055 584 1154 627 cula
1203 583 1428 627 conithus
1469 584 1541 635 est,
1581 589 1715 637 atque
1757 582 1860 623 inde

1057 642 1221 684 multos
1243 648 1524 697 aegrotantes,
1543 642 1618 696 qui
1639 641 1695 683 ad
1720 640 1859 694 ipsum

1058 701 1366 750 afferebantur,
1398 700 1577 742 sanauit.
1640 698 1700 740 Et
1726 699 1770 739 in
1792 697 1859 738 his

1057 772 1242 812 puerum
1264 759 1351 800 iam
1374 757 1714 802 conclamatum,
1738 755 1860 810 spina

1060 816 1370 871 strangulante,
1403 829 1504 870 quae
1540 813 1780 857 transuersa
1816 814 1860 854 in

1059 881 1238 928 gutture
1279 874 1409 928 ipsius
1442 873 1683 914 inhaeserat.
1757 871 1861 912 Pro-

1061 931 1220 974 due'tus
1253 939 1403 973 autem
1434 931 1599 972 Blasms
1632 931 1688 972 ad
1719 929 1860 985 praesi-

1060 990 1161 1032 dem
1195 989 1325 1031 semel
1357 996 1401 1031 et
1435 989 1604 1039 iterum,
1638 1001 1738 1029 cum
1775 987 1860 1041 dijs

1061 1047 1298 1089 sacrificare
1324 1047 1538 1096 renuisset,
1560 1047 1751 1101 primum
1776 1045 1860 1086 vir-

1059 1106 1126 1159 gis
1148 1105 1282 1147 caesus
1304 1105 1377 1154 est,
1398 1105 1559 1146 deinde
1587 1104 1735 1145 ferreis
1763 1116 1862 1157 pec-

1058 1163 1223 1204 tinibus
1246 1164 1289 1204 in
1307 1162 1459 1204 eculeo
1476 1162 1681 1213 laniatus,
1700 1161 1862 1215 postre-

1062 1235 1135 1262 mo
1156 1222 1302 1276 capite
1324 1220 1483 1275 plexus
1506 1220 1716 1274 martyrio
1737 1232 1861 1260 coro·

1061 1285 1191 1321 natur
1212 1279 1280 1333 .iij.
1304 1292 1444 1320 nonas
1468 1279 1503 1320 F
1505 1277 1706 1331 ebruarij.

1061 1396 1106 1442 (I
1121 1396 1300 1438 Phileas
1314 1395 1518 1449 episcopus
1531 1401 1574 1436 et
1587 1394 1864 1436 Plzz'loromus

1177 1460 1398 1507 martyres.
1459 1452 1604 1494 Lec‘Zio
1625 1451 1728 1507 .z·z'j⁷.

1149 1527 1304 1570 Hileas
1367 1528 1503 1570 nobili
1570 1528 1667 1569 loco
1734 1533 1864 1568 natus

1165 1587 1352 1628 Thmuis
1381 1587 1487 1628 vrbe
1513 1586 1715 1640 Aegypti
1742 1599 1864 1639 egre-

1062 1645 1134 1699 gie
1163 1643 1417 1686 liberalibus
1450 1643 1688 1698 disciplinis
1720 1643 1863 1684 erudi-

1063 1709 1145 1752 tus,
1171 1708 1215 1743 et
1246 1703 1418 1756 magnis
1450 1702 1690 1743 honoribus
1723 1701 1765 1742 in
1799 1714 1863 1742 re-

1065 1759 1240 1814 publica
1264 1761 1468 1801 Romana
1490 1758 1677 1808 sanetus,
1699 1773 1799 1800 cum
1823 1758 1864 1799 se

1064 1824 1208 1859 totum
1240 1819 1295 1859 ad
1324 1831 1472 1859 veram
1498 1817 1653 1860 Christi
1677 1816 1864 1871 philoso-

1062 1875 1212 1930 phiam
1236 1875 1507 1924 traduxisset,
1524 1882 1703 1929 propter
1726 1874 1865 1915 multa

1063 1933 1342 1982 documenta,
1370 1940 1413 1975 et
1449 1934 1673 1986 ingentem
1710 1930 1865 1973 saneti-

1065 1992 1168 2032 tatis
1219 1991 1312 2032 eius
1363 1991 1639 2045 opinionem:
1702 2003 1864 2043 magno

1068 2048 1239 2090 suorum
1270 2049 1432 2090 ciuium
1465 2047 1671 2089 consensu
1702 2047 1865 2101 episco-

1068 2121 1149 2160 pus
1182 2105 1379 2148 efficitur.
1441 2106 1543 2160 Quo
1574 2118 1752 2146 munere
1789 2119 1866 2159 per

1067 2178 1207 2204 annos
1222 2163 1389 2218 aliquot
1408 2161 1662 2204 sanffiffime
1678 2160 1864 2211 sunCtus,

1067 2222 1246 2262 demum
1271 2221 1347 2262 sub
1375 2221 1654 2262 Diocletiano
1681 2221 1867 2274 impera-

1067 2286 1161 2320 tore
1185 2280 1226 2319 in
1245 2279 1418 2320 vincula
1439 2276 1664 2319 coniectus
1686 2277 1763 2319 est:
1793 2277 1866 2319 vbi

1069 2337 1295 2390 egregium
1347 2335 1504 2377 librum
1557 2337 1612 2377 de
1664 2335 1868 2377 laudibus

1068 2402 1309 2448 martyrum
1333 2393 1587 2448 conscripsit.
1651 2393 1737 2447 Qui
1762 2392 1868 2434 flen-

1069 2452 1185 2493 tibus
1209 2452 1478 2506 propinquiS,
1495 2466 1545 2492 ac
1570 2451 1869 2492 miserabiliter

1069 2509 1408 2563 deprecantibus
1451 2523 1505 2550 ne
1544 2508 1583 2549 se
1626 2508 1868 2562 liberosque

1070 2567 1177 2616 suOS,
1204 2574 1246 2608 et
1273 2566 1485 2608 familiam
1517 2567 1736 2620 perditum
1770 2566 1871 2607 iret:

1071 2625 1212 2665 nullos
1243 2625 1282 2665 se
1313 2626 1587 2678 propinquos
1617 2624 1777 2665 habere
1806 2638 1869 2665 re-

1072 2682 1247 2736 spondit
1293 2682 1365 2723 nifi
1408 2682 1630 2736 apostolos
1671 2689 1714 2723 et
1757 2695 1871 2722 mar-

1069 2747 1188 2794 tyres
1206 2740 1288 2781 dei.
1330 2740 1399 2781 Ita
1416 2753 1517 2781 cum
1543 2753 1685 2794 neque
1702 2739 1872 2788 horum,

1144 2896 1158 2919 ⁴
1183 2897 1217 2933 ii.
1239 2907 1387 2943 22—-32,

1143 2944 1158 2966 ⁶
1182 2944 1242 2979 die
1260 2954 1303 2989 .3.
1323 2945 1365 2979 in
1383 2955 1429 2979 m.

1141 2991 1155 3012 ⁰
1179 2992 1230 3027 est
1254 3003 1260 3026 :
1278 3002 1347 3026 om.
1369 2992 1405 3027 P.
1426 2993 1469 3027 A.

1142 3038 1155 3060 ⁷
1182 3038 1243 3074 die
1263 3048 1306 3081 .4.
1326 3039 1365 3073 in
1386 3050 1432 3073 m.
