2066 3392
586 221 842 254 DOMINJCA
874 220 1330 253 RESURRECTIONIS.
1749 216 1802 260 59

51 306 64 337 ·.-
126 305 173 352 {1
199 299 442 344 Secundum
469 298 729 341 fisattlzeum.
789 297 936 340 Lec‘Zio

414 357 607 412 secunda
614 355 637 400 ².

2 475 3 479 ,
126 444 380 530 VEspere
420 448 571 485 autem
614 441 783 484 sabbati
833 455 934 495 quae

239 501 416 545 lucescit
450 501 493 542 in
528 501 672 555 prima
705 499 931 542 sabbati...

125 560 259 616 vsque
298 561 356 602 ad
398 558 828 601 consummationem
874 557 935 599 se-

126 619 226 662 culi.

2 789 6 793 ,
128 747 174 795 Ι[
212 744 363 787 Sermo
391 742 542 797 sandi
573 741 818 797 Augustini
851 741 935 796 epi-

308 802 438 856 scopi.
496 801 642 843 Lemo
663 800 739 855 jis.

210 886 359 929 Ascha
392 885 549 929 Christi
587 885 743 927 fratres
776 884 935 927 charis-

230 944 323 986 fimi
354 958 539 999 regnum
577 944 639 985 est
675 943 884 985 caelorum
924 958 934 985 ε

129 1001 242 1045 salus
255 1001 936 1056 mundi,occasusinferni,gloria

72 1084 82 1114 ,³
129 1060 426 1116 supernorum,
447 1061 539 1102 vita
560 1061 848 1109 credentium,
871 1073 935 1100 re-

6 1142 8 1147 ·
68 1134 82 1163 ¹.
130 1117 335 1161 surrefflo
393 1125 684 1169 mortuorum,
741 1117 937 1159 testimo-

76 1220 77 1223 ,
131 1177 252 1219 nium
262 1176 550 1218 miserationis
564 1177 728 1218 diuinae
740 1176 935 1230 precium

130 1234 449 1290 redemptionis
484 1234 693 1275 humanae
727 1233 936 1275 contritio

77 1291 83 1303 ”
131 1293 285 1335 mortis
320 1292 511 1335 abolitae.
574 1291 688 1346 Quae
724 1291 935 1332 festiuitas

131 1351 204 1394 dei
234 1350 353 1393 sacra
385 1350 600 1405 mysteria,
633 1355 678 1391 et
709 1349 937 1403 incognita

70 1413 90 1447 Τ
133 1408 415 1458 sacramenta,
447 1409 658 1450 virtutem
699 1407 937 1448 dominicae

0 1489 3 1492 >
70 1471 87 1513 'J
132 1464 456 1510 resurreetionis
492 1480 571 1521 per
606 1465 789 1520 angelos
826 1465 937 1506 indi-

81 1563 83 1565 ,
132 1531 263 1568 cat:

310 1538 391 1580 per
436 1524 626 1579 populos
675 1522 936 1564 manifestat.

0 1574 3 1575 ⁷
137 1582 250 1625 Haec
284 1596 391 1638 ergo
430 1582 492 1624 est
532 1582 627 1623 dies
662 1579 938 1630 dileetiffimi,

134 1654 269 1696 quam
298 1640 402 1682 fecit
429 1640 649 1689 dominus
670 1645 718 1681 vt
746 1638 937 1688 audistis,

134 1698 343 1742 excelsior
370 1696 552 1748 cunGtis‚
574 1697 745 1739 dulcior
764 1697 938 1738 vniuer-

26 1784 75 1803 =,
135 1756 188 1799 sis
215 1772 224 1799 ε
253 1757 296 1798 in
318 1770 407 1811 qua
427 1757 636 1798 dominus
665 1755 901 1797 resurrexit
930 1770 939 1796 :

18 1812 44 1845 ²
64 1807 78 1845 Ϊ
136 1814 180 1857 in
201 1828 289 1870 qua
309 1828 473 1856 nouam
495 1813 570 1855 fibi
593 1813 781 1868 plebem,
795 1819 842 1855 vt
864 1812 939 1866 ipsi

135 1873 307 1923 videtis,
330 1872 628 1927 generationis
656 1871 806 1926 spiritu
837 1884 940 1912 con-

138 1930 371 1987 quifiuit,in
385 1944 474 1985 qua
487 1929 753 1984 singulorum
769 1935 941 1970 mentes

59 1988 82 2032 ,ί
136 1989 311 2044 gaudio,
344 1994 389 2030 et
419 1988 698 2030 exultatione
731 1986 937 2041 perfudit.

6 2038 10 2045 ἶ
62 2059 75 2103 ᾗ
139 2046 212 2091 Sic
225 2046 431 2101 ergodies
445 2043 767 2088 resurreetionis
783 2044 940 2088 Christi

138 2102 356 2147 desunfitis
390 2105 494 2153 vita,
525 2103 833 2158 peccatoribus
868 2116 940 2144 ve·

2 2197 6 2203 .
140 2160 406 2205 nia2san6’cis
422 2162 483 2204 est
499 2162 651 2217 gloria.
693 2160 939 2215 Siquidem

272 2220 394 2262 tione
433 2221 648 2262 virtutum
693 2218 840 2260 eleuat
884 2219 941 2260 de

0 2255 16 2281 ’
48 2273 50 2275 ’
73 2273 91 2322 ἒξ
140 2278 238 2320 imis
260 2293 270 2320 z
293 2278 467 2320 suscitat
487 2278 544 2319 de
569 2277 753 2319 terrenis
776 2291 784 2318 :
805 2275 943 2317 collo-

80 2334 85 2371 l
141 2342 213 2379 cat
234 2337 278 2378 in
295 2336 476 2378 excelsis
498 2335 755 2377 :confirmat
778 2334 910 2376 iustos
933 2348 942 2375 :

49 2442 55 2453 ι
82 2431 84 2433 ,
140 2393 286 2436 firmat
311 2394 470 2436 dubios
497 2408 506 2435 :
531 2393 717 2435 damnat
742 2391 943 2433 incredu-

16 2443 79 2502 *QLJ
142 2450 221 2495 los.
281 2451 357 2494 Ad
387 2452 471 2494 hoc
499 2452 618 2493 enim
647 2451 855 2493 dominus
878 2463 942 2491 re-

142 2507 326 2552 surrexit
347 2525 356 2552 :
377 2516 425 2552 vt
442 2509 683 2564 imaginem
702 2507 860 2550 suturae
878 2521 943 2549 re—

142 2565 415 2610 surrthionis
436 2567 693 2609 ostenderet.
755 2566 815 2607 Et
844 2566 944 2607 ideo

22 2619 85 2674 [⁵2]
143 2623 275 2667 hodie
301 2626 358 2667 ad
387 2626 520 2667 vitale
551 2625 776 2666 lauacrum
809 2623 944 2665 resur-

141 2695 251 2738 gens
290 2683 361 2725 dei
402 2683 604 2738 populus,
639 2682 771 2723 instar
811 2681 945 2723 resur-

143 2738 347 2783 refi'tionis
361 2741 582 2783 ecclesiam
598 2740 787 2782 nostram
804 2739 946 2794 splen-

143 2797 250 2840 dore
290 2799 419 2840 niueo
460 2798 692 2841 illuminat.

12 2851 41 2884 ‘3
62 2863 72 2888 Ἀ
145 2854 230 2898 deo
250 2856 394 2898 nostro
416 2870 547 2909 agere
575 2856 803 2906 debemus,
825 2855 945 2910 quod

2 2918 42 2952 :*⁴.‘

1 2955 19 2970 ρ,
34 2931 78 2985 ;f

10 2974 70 3029 4

7 3043 10 3046 .
26 3033 62 3062 24*

767 2796 946 2839 Gratias

145 2911 251 2956 dum
274 2911 406 2956 sanEti
436 2914 607 2970 paschae
638 2913 945 2955 solennitatem

341 3027 353 3051 ¹
381 3028 446 3064 Ca.
467 3028 510 3064 28
531 3028 574 3064 R.
597 3029 635 3064 P.
656 3027 699 3063 A.
716 3026 858 3074 [xxviii.
883 3023 1024 3073 1—2o.]

998 297 1185 340 colimus
1228 313 1237 339 z
1280 297 1440 339 suturae
1482 297 1803 340 resurreffiionis

999 355 1187 410 speciem
1233 355 1321 396 iam
1363 356 1575 397 videmus.
1648 356 1804 397 Resur-

998 411 1220 455 reEturum
1243 413 1304 454 est
1332 413 1450 454 enim
1479 426 1619 466 genus
1647 413 1803 456 huma-

999 485 1106 513 num
1156 471 1199 512 in
1250 471 1379 512 seculi
1424 470 1803 513 consummatione

999 529 1095 583 post
1126 535 1316 570 mortem
1354 542 1362 570 :
1396 542 1514 570 nunc
1546 529 1728 584 resurgit
1759 530 1804 571 in

999 587 1231 641 baptismo.

1057 645 1154 686 Hoc
1190 644 1269 694 die,
1304 651 1346 686 et
1371 643 1646 698 sequentibus
1680 644 1808 699 ‘isque

998 703 1062 744 ad
1091 703 1329 745 Sabbatum
1361 709 1463 744 ante
1489 703 1722 743 orationem
1759 703 1805 744 in

998 761 1196 802 omnibus
1222 760 1342 802 leeris
1368 760 1532 802 dicitur
1558 761 1671 802 Haec
1699 761 1805 810 dies,

999 833 1135 873 quam
1167 819 1272 860 fecit
1303 819 1522 867 dominus,
1551 818 1806 860 exultemus

1000 884 1044 918 et
1074 877 1278 918 laetemur
1305 877 1348 918 in
1379 891 1443 918 ea.
1507 876 1701 918 Domine
1727 891 1805 918 ex-

1001 935 1106 976 audi
1129 941 1211 978 etc.

1325 1054 1489 1097 Oratio.

1009 1135 1202 1218 DEus,
1241 1135 1316 1189 qui
1358 1135 1572 1176 hodierna
1613 1135 1686 1176 die
1730 1148 1810 1188 per

1113 1193 1391 1246 vnigenitum
1408 1199 1533 1234 tuum
1547 1193 1809 1234 aeternitatis

1002 1251 1131 1292 nobis
1160 1251 1331 1292 aditum
1361 1248 1538 1292 deui&a
1568 1257 1710 1292 morte
1743 1264 1807 1292 re-

1002 1308 1146 1350 serasti
1174 1315 1280 1350 vota
1309 1308 1453 1350 nostra
1487 1325 1495 1350 :
1522 1322 1623 1363 quae
1658 1323 1810 1363 preue-

1002 1367 1165 1409 niendo
1187 1367 1351 1421 aspiras
1369 1382 1377 1408 :
1399 1367 1534 1408 etiam
1552 1366 1809 1408 adiuuando

1001 1425 1264 1480 prosequere
1287 1440 1295 1466 :
1317 1438 1396 1479 per
1416 1426 1620 1467 eundem.

1086 1553 1132 1600 (I
1155 1551 1196 1592 A
1203 1550 1238 1592 d
1253 1550 1452 1604 vqsperas.
1514 1551 1730 1605 Hymnus.

1004 1636 1109 1718 AD
1143 1650 1317 1678 coenam
1353 1637 1468 1690 agni,
1499 1637 1673 1691 prouidi
1707 1653 1716 1679 :
1751 1637 1812 1679 Et

1124 1694 1242 1736 stolis
1283 1695 1396 1736 albis
1437 1695 1614 1736 candidi
1660 1709 1669 1736 :
1713 1695 1811 1737 Post

1003 1752 1232 1794 transstum
1256 1753 1388 1794 maris
1410 1753 1528 1795 rubri
1552 1753 1723 1796 Christo
1739 1767 1810 1796 ca·

1006 1824 1164 1851 namus
1187 1811 1386 1865 principi.

1065 1868 1202 1910 Cuius
1227 1882 1387 1922 corpus
1417 1867 1723 1910 sanCtisslmum
1757 1870 1809 1911 In

1005 1940 1082 1968 ara
1103 1927 1242 1967 crucis
1259 1927 1474 1968 torridum
1501 1941 1509 1969 :
1534 1928 1698 1969 Cruore
1718 1928 1812 1969 eius

1006 1984 1128 2026 roseo
1150 1984 1379 2026 Gustando
1401 1985 1591 2026 viuimus
1612 1986 1709 2028 deo.

1066 2040 1258 2084 Protetffi
1279 2043 1452 2097 paschae
1473 2043 1651 2097 vespere
1672 2043 1717 2084 A
1735 2044 1811 2085 de-

1007 2100 1208 2142 uastante
1237 2100 1399 2154 angelo
1428 2116 1436 2142 :
1467 2101 1620 2155 Erepti
1649 2101 1706 2143 de
1731 2102 1811 2143 du-

1008 2159 1166 2199 riss1m0
1191 2158 1432 2200 Pharaonis
1454 2159 1651 2213 imperio.

1067 2217 1163 2257 Iam
1197 2215 1357 2270 pascha
1388 2216 1581 2258 nostrum
1617 2216 1812 2259 Christus

1007 2273 1079 2324 est,
1116 2273 1204 2328 Qui
1239 2273 1495 2315 immolatus
1527 2288 1669 2329 agnus
1706 2274 1767 2316 est
1804 2290 1813 2316 ε

1010 2332 1285 2374 Sinceritatis
1307 2332 1450 2373 azima
1473 2332 1588 2375 Caro
1613 2333 1707 2374 eius
1735 2333 1813 2375 ob-

1007 2389 1098 2431 lata
1119 2389 1191 2432 est.

1069 2448 1109 2490 O
1132 2461 1232 2489 vere
1254 2447 1391 2501 digna
1411 2446 1550 2490 hostia
1573 2449 1655 2490 Per
1678 2461 1812 2503 quam

1009 2503 1147 2547 sraEta
1184 2505 1282 2547 sunt
1318 2511 1482 2547 tartara
1513 2522 1522 2548 :
1561 2506 1816 2561 Redempta

1010 2563 1137 2618 plebs
1173 2564 1400 2618 captiuata
1437 2579 1445 2605 z
1485 2565 1680 2606 Reddita
1710 2566 1814 2607 vitae

1010 2635 1192 2676 premia.

1071 2679 1185 2721 Cum
1222 2678 1356 2734 surgit
1393 2679 1589 2723 Christus
1630 2679 1816 2731 tumulo,

1010 2736 1167 2779 vietor
1200 2738 1313 2779 redit
1345 2738 1402 2779 de
1438 2738 1647 2779 barathro
1682 2754 1690 2779 :
1723 2738 1816 2792 Ty·

1012 2809 1199 2836 rannum
1232 2795 1413 2837 trudens
1445 2796 1632 2846 vinculo,
1661 2797 1719 2838 Et
1752 2811 1816 2838 re-

1013 2853 1157 2895 serans
1179 2853 1438 2907 paradisum.

1073 2911 1224 2954 Gloria
1245 2912 1323 2953 tibi
1347 2911 1528 2954 domine
1551 2911 1638 2966 Qui
1663 2910 1762 2954 sur.²

1261 3026 1276 3049 ²
1300 3025 1355 3073 [vt
1374 3038 1486 3073 supra
1503 3038 1537 3074 p.
1560 3026 1630 3074 58.]
