2066 3392
831 217 1126 252 IANUARIUS.

147 297 191 340 in
227 297 483 340 christianos
516 311 594 352 per
624 302 766 339 totam
795 296 947 338 Afiam

147 355 366 407 saeuiente,
405 355 645 405 accusatus,
673 361 718 396 et
748 368 948 408 compre-

147 413 317 464 hensus,
337 426 439 455 cum
461 414 518 455 ad
541 412 733 455 tribunal
761 426 948 467 procon-

148 470 249 513 sulis
270 471 312 514 se
332 470 614 513 christianum
631 471 716 512 esse
732 469 948 512 constanti

146 529 298 571 animo
345 528 636 584 profiteretur,
677 542 759 570 nec
809 528 949 582 posset

148 586 278 629 minis
307 586 531 638 deterreri,
567 586 768 628 vniuersa
799 586 949 627 multi-

147 645 302 687 tudine
317 645 563 699 gentilium,
580 651 624 686 et
642 645 885 686 iudaeorum
903 643 946 685 id

148 702 416 745 clamoribus
429 701 747 757 efflagitante,a
761 715 947 756 procon-

150 760 499 803 suledamnatur:
516 767 564 802 vt
573 761 700 803 viuus
712 761 814 814 igne
827 773 946 801 com-

148 818 387 861 bureretur.
430 818 520 861 Sed
543 819 587 860 in
609 832 766 872 rogum
788 816 948 859 vinftis

147 876 243 931 post
282 882 457 930 tergum
505 877 709 918 manibus
749 874 947 925 iniectus,

148 935 440 989 permanebat
494 934 663 976 illaesus.
743 934 948 976 Flamma

149 992 270 1034 enim
303 993 347 1034 in
388 992 574 1034 modum
607 993 808 1035 Camerae
853 1005 949 1033 cur-

146 1056 264 1102 uata,
303 1051 422 1105 quasi
468 1050 616 1093 velum
649 1051 775 1092 nauis
815 1056 949 1091 vento

146 1107 345 1150 finuante
384 1122 543 1163 corpus
584 1108 791 1162 martyris
826 1114 950 1162 tege-

147 1165 240 1218 bat,
262 1167 410 1221 potius
430 1180 565 1221 quam
588 1166 803 1208 adureret.
846 1165 949 1220 Quo

147 1223 454 1266 animaduerso
472 1224 641 1266 sceleris
658 1224 839 1266 ministri
856 1237 949 1266 cor-

147 1295 243 1336 puS,
275 1283 344 1324 cui
379 1281 572 1324 flammae
604 1282 905 1337 pepercerant¹
941 1296 950 1324 :

147 1340 301 1382 iubent
330 1339 480 1394 gladio
511 1339 537 1381 a
567 1340 772 1382 carnifice
813 1340 950 1382 trans-

147 1396 251 1440 sodi.
314 1398 417 1453 Quo
444 1396 563 1440 facto
584 1398 813 1440 beatissimi
836 1412 950 1440 mar-

146 1456 259 1510 tyris
299 1456 472 1511 spiritus
521 1457 706 1498 vinculis
756 1457 951 1511 corporis

147 1513 312 1556 solutus
339 1515 396 1556 ad
423 1515 557 1556 deum
580 1514 790 1557 euolauit.
851 1514 949 1556 Pas-

147 1570 217 1613 sus
276 1571 338 1614 est
392 1578 544 1614 autem
594 1586 760 1614 annum
811 1586 949 1627 agens

147 1628 338 1686 .lxxxvj.
359 1630 432 1685 vij.
454 1630 663 1672 calendas
688 1630 929 1685 Februarij.

148 1722 195 1771 {I
215 1720 399 1764 Ioannes
416 1720 727 1776 Cltryfhstomus
746 1721 952 1776 episcopus

283 1779 493 1834 confeffor.
551 1780 700 1821 Lemo
721 1779 815 1834 ‚z'z‘j².

203 1856 384 1901 Oannes
421 1859 756 1914 Chrysostomus
787 1860 950 1902 Antio-

230 1915 341 1959 chiae
363 1923 504 1960 natus.
550 1931 650 1959 cum
668 1918 774 1960 esset
794 1918 948 1960 libera-

148 1970 265 2016 libus
310 1975 479 2018 artibus
529 1977 738 2026 eruditus,
789 1974 949 2018 relictis

149 2030 388 2075 forensibus
416 2039 461 2075 et
493 2033 756 2076 secularibus
782 2034 948 2088 studijs,

147 2089 309 2144 quibus
320 2089 394 2133 ⁸ab
408 2090 603 2133 ineunte³
616 2098 750 2134 aetate
763 2106 949 2134 vacaue-

149 2153 230 2198 rat,
250 2153 395 2191 totum
419 2149 461 2190 se
482 2150 698 2191 sacrarum
722 2150 946 2193 literarum

149 2203 290 2248 studio
310 2207 505 2249 tradidit.
558 2208 679 2262 Ergo
701 2206 726 2249 a
750 2207 949 2250 Meletio⁴

149 2261 404 2306 Antiochiae
425 2265 630 2320 episcopo
656 2264 794 2307 lector
817 2272 862 2308 et
883 2267 948 2308 di-

147 2333 325 2374 aconus,
347 2328 392 2365 et
413 2323 470 2365 ab
498 2323 693 2378 Euagrio
719 2323 834 2365 illius
857 2324 948 2366 suc-

149 2378 310 2421 cessore
345 2380 546 2423 sacerdos
582 2381 824 2431 ordinatus
849 2388 946 2423 tum

147 2433 360 2479 doc'trinae
384 2444 480 2481 tum
503 2437 746 2481 sanc’titatis
769 2441 948 2482 nomine

148 2494 464 2538 omniumvoce
481 2496 812 2539 celebrabatur&
845 2498 947 2553 Qua

150 2549 269 2594 sama
281 2560 428 2595 motus
442 2554 694 2596 Archadius
710 2556 949 2610 imperator

149 2606 288 2663 ipsum
315 2624 374 2652 ex
402 2611 647 2654 Antiochia
668 2614 861 2655 accerfiri
886 2614 949 2656 iu-

149 2664 236 2718 bet,
255 2672 303 2709 vt
334 2666 544 2711 Nectario
576 2669 947 2726 Constantinopo-

195 2787 210 2858 ζ
232 2798 472 2871 gepereerent
495 2806 502 2829 z
523 2794 562 2831 P.

195 2847 528 2923 ÷-³¹{1‚²e⁷1;„²t'¹e'{²}x.

195 2927 208 2951 ⁴
235 2930 380 2967 Melitio
403 2944 411 2968 ε
433 2934 469 2968 Ρ.

194 2974 210 2997 ⁶
233 2977 438 3015 celebratur
461 2992 468 3016 :
490 2981 528 3015 P.

195 3021 210 3044 ⁸
235 3022 375 3061 intimis
396 3037 404 3061 ε
423 3027 470 3063 Α.

1737 222 1810 252 111

1015 295 1155 337 litano
1177 295 1382 350 episcopo
1405 304 1581 340 mortuo
1603 299 1817 344 succedat.

1018 352 1233 407 Suscepto
1261 360 1410 395 autem
1440 355 1693 410 episcopatu
1715 372 1816 400 cum

1015 411 1130 452 vicia
1144 410 1401 453 clericorum
1419 413 1579 466 partim
1595 416 1818 470 exemplo,

1016 469 1178 522 partim
1201 469 1337 510 etiam
1358 470 1519 522 verbis,
1541 477 1586 512 et
1608 472 1816 527 legitimis

1016 527 1160 581 poenis
1194 525 1489 577 insectaretur,
1520 542 1730 583 magnam
1753 531 1817 585 ip-

1016 584 1159 626 sorum
1189 585 1232 625 in
1259 584 1301 626 se
1325 585 1539 627 inuidiam
1565 588 1816 630 concitauit.

1018 642 1239 684 Eudoxiae
1284 656 1463 698 quoque
1513 645 1708 699 augustae
1758 647 1817 688 ob

1015 700 1288 742 seuerianum
1324 702 1622 754 gabaliensem
1653 704 1818 758 episco-

1015 772 1135 812 pum,
1169 757 1195 799 a
1231 758 1272 800 se
1307 765 1522 814 tanquam
1558 761 1816 804 haereticum

1014 817 1120 857 vrbe
1142 815 1325 871 pulsum,
1342 831 1555 872 magnum
1578 820 1730 861 odium
1754 821 1818 862 in-

1015 874 1160 923 currit,
1181 881 1275 916 erat
1304 876 1420 916 enim
1451 876 1699 919 seuerianus
1728 879 1818 920 Eu-

1015 933 1166 973 doxiae
1228 932 1432 975 intimus⁰
1471 940 1517 975 et
1576 935 1816 986 familiaris,

1016 990 1307 1044 quamobrem
1329 992 1487 1033 eadem
1509 999 1664 1035 contra
1687 995 1818 1036 Ioan-

1016 1061 1118 1089 nem
1179 1050 1459 1102 quorundam
1510 1051 1815 1106 episcoporum

1016 1104 1273 1148 concilium⁷
1289 1108 1539 1161 cogendum
1561 1110 1743 1160 curauit,
1759 1111 1816 1152 ad

1016 1165 1136 1218 quod
1167 1163 1289 1206 velut
1314 1165 1467 1207 hostile
1491 1180 1593 1209 cum
1627 1167 1818 1210 Ioannes

1015 1228 1200 1264 vocatus
1229 1222 1291 1264 ire
1318 1223 1558 1274 recusasset,
1579 1225 1818 1268 damnatus

1017 1280 1078 1322 est
1113 1295 1121 1321 ε
1158 1286 1203 1321 et
1238 1281 1281 1322 in
1323 1281 1507 1323 exilium
1544 1283 1704 1334 missus,
1746 1284 1817 1326 sed

1016 1338 1150 1392 paulo
1167 1338 1262 1392 post
1284 1338 1488 1381 cohorta⁸
1503 1341 1546 1382 in
1564 1341 1671 1383 vrbe
1691 1343 1750 1385 ob
1773 1343 1816 1384 id

1018 1410 1183 1450 magna
1210 1396 1433 1448 seditione,
1455 1398 1512 1439 ab
1533 1399 1672 1441 exilio
1693 1414 1818 1442 reuo-

1017 1461 1144 1495 catus
1167 1453 1238 1496 est.
1300 1455 1382 1497 Cui
1405 1457 1606 1498 redeunti
1628 1458 1818 1512 populus

1017 1525 1117 1553 curn
1170 1526 1334 1566 magna
1383 1514 1681 1567 gratulatione
1736 1516 1816 1558 sre-

1018 1569 1339 1624 quentislimus⁹
1377 1573 1578 1614 occurrit.
1641 1574 1819 1617 Deinde

1017 1641 1119 1670 cum
1151 1628 1194 1669 in
1226 1629 1342 1670 diuae
1375 1628 1558 1684 Sophiae
1590 1630 1685 1673 foro
1715 1639 1820 1675 ante

1015 1686 1231 1741 Augustae
1272 1693 1528 1741 argenteam
1579 1689 1820 1744 imaginem

1019 1743 1148 1786 ludos
1178 1743 1287 1798 agi¹⁰
1307 1746 1519 1796 vetuisset,
1541 1747 1684 1789 rursus
1707 1749 1819 1790 irata

1020 1803 1242 1853 Eudoxia‚
1258 1802 1410 1857 quafi¹¹
1430 1802 1595 1846 sactum
1615 1806 1658 1847 id
1676 1806 1818 1849 fuisset

1018 1861 1062 1902 in
1092 1861 1214 1902 suam
1242 1862 1573 1913 contumeliam,
1594 1864 1671 1905 dat
1693 1878 1819 1918 oper-

1016 1932 1102 1967 am,
1152 1924 1201 1960 vt
1259 1919 1452 1961 Ioannes
1512 1921 1569 1962 ab
1630 1922 1818 1964 inimicis

1017 1976 1233 2031 episcopis
1283 1977 1389 2018 vrbe
1449 1978 1648 2031 pellatur,
1738 1980 1817 2023 Ad

1016 2035 1135 2089 quod
1169 2034 1337 2088 synodo
1370 2033 1535 2085 coacta,
1566 2037 1649 2078 hac
1680 2039 1818 2079 modo

1016 2098 1236 2147 praetenta
1265 2092 1404 2143 causa,
1434 2095 1554 2147 quod
1595 2095 1690 2149 post
1731 2098 1818 2150 pri-

1015 2164 1137 2191 orem
1193 2151 1512 2204 depofitionem
1546 2152 1632 2194 sine
1673 2155 1818 2196 conci-

1018 2207 1100 2262 lij¹²
1130 2208 1310 2250 decreto
1355 2209 1398 2250 in
1450 2209 1549 2251 sede
1590 2210 1817 2261 resedisset,

1016 2267 1256 2307 damnatus
1315 2267 1473 2308 iterum
1530 2268 1723 2310 mittitur
1772 2270 1816 2311 in

1015 2324 1211 2365 exilium.
1272 2323 1319 2365 A
1359 2338 1448 2378 quo
1488 2324 1595 2367 dum
1637 2327 1819 2370 iubente

1015 2395 1133 2436 papa
1151 2381 1412 2424 Innocentio
1426 2397 1484 2424 ex
1499 2384 1815 2439 concilij,quod

1018 2440 1175 2481 Romae
1198 2447 1416 2493 coegerat,
1434 2440 1611 2483 decreto
1630 2450 1819 2485 reuerte-

1015 2504 1158 2539 retur:
1182 2505 1380 2539 mortuus
1397 2498 1457 2539 est
1473 2499 1623 2541 multis
1639 2500 1818 2542 calami-

1015 2556 1183 2597 tatibus
1206 2562 1385 2610 propter
1405 2556 1641 2607 ecclesiam,
1658 2565 1703 2599 et
1725 2572 1818 2600 mo—

1015 2627 1111 2655 rum
1164 2612 1480 2655 correctionem
1532 2615 1756 2658 exhaustis
1809 2630 1819 2658 :

1016 2671 1250 2725 multisque
1273 2672 1392 2713 libris
1416 2673 1525 2713 mira
1541 2671 1756 2727 doctrina,
1775 2681 1820 2717 et

1065 2796 1079 2820 ⁷
1105 2796 1293 2833 confilium
1319 2810 1325 2833 :
1347 2799 1384 2834 Ρ.

1066 2843 1080 2866 ⁸
1104 2851 1233 2879 coorta
1254 2857 1262 2880 :
1284 2846 1327 2879 R.

1065 2890 1080 2913 ⁹
1105 2890 1402 2944 frequentissimis
1426 2905 1432 2927 :
1453 2893 1495 2929 Λ.

1052 2936 1080 3006 r:
1104 2949 1183 2982 agri
1207 2950 1214 2973 :
1235 2939 1301 3020 Ρ.Α

1054 3030 1081 3052 ¹²
1104 2996 1247 3077 ggfiffiij'
1269 3044 1275 3067 :
1297 3013 1391 3068 ἐκΛ,
