2066 3392
243 176 320 229 198

240 267 332 298 Deus
355 267 411 308 qui
433 277 494 299 nos
516 267 764 300 resurrectionis
780 268 967 301 dominicae
988 279 1043 301 an-

283 320 361 347 nua,
378 309 422 343 60

239 353 333 385 Deus
355 353 412 395 qui
436 354 714 396 omnipotentiam
740 359 831 387 tuam
860 356 1041 397 parcendo,

239 439 332 471 Deus
348 439 404 482 qui
420 451 480 482 per
495 440 754 480 immaculatam,
778 450 837 483 177

239 483 332 515 Deus
353 483 410 525 qui
432 485 559 526 populo
581 491 638 516 tuo
655 491 808 517 aeternae
831 485 946 517 salutis
966 485 1045 517 bea-

282 531 352 558 tum
369 527 597 564 Ambrosium,
619 528 677 567 176

239 569 332 602 Deus
367 571 426 612 qui
455 578 643 613 presentem
675 572 763 603 diem
800 571 1044 609 honorabilem,

286 624 344 654 135

238 656 330 688 Deus
354 657 411 699 qui
438 657 554 690 salutis
577 662 732 690 aeternae
759 658 877 691 beatae
905 659 1043 696 Mariae,

283 710 342 733 102

238 743 331 775 Deus
348 743 403 785 qui
421 748 568 776 sanctam
585 749 677 776 tuam
693 745 899 787 genitricem,
923 754 984 786 170

238 787 330 818 Deus
357 787 413 828 qui
439 788 638 819 solennitate
665 789 814 831 paschali
841 790 968 822 mundo
995 800 1043 821 re-

280 830 391 862 media
406 831 586 867 contulisti,
605 830 647 864 60

237 873 330 905 Deus
346 874 402 915 qui
419 874 613 916 virginalem
630 875 751 912 aulam,
774 887 831 916 ¹45

238 918 330 948 Deus
349 917 405 959 qui
429 919 618 950 universum
641 920 802 951 mundum
828 919 915 951 beati
936 919 1041 957 Pauli,

286 971 298 992 1
309 971 347 992 10

237 1004 330 1035 Deus
346 1003 507 1045 refugium
524 1010 673 1036 nostruin
690 1011 723 1037 et
739 1005 852 1043 virtus,
870 1007 911 1049 98

237 1048 330 1079 Deus
341 1047 457 1079 veniae
470 1048 605 1090 largitor
617 1054 649 1080 et
662 1049 826 1081 humanae
839 1049 963 1087 salutis,
982 1050 1040 1091 167

237 1091 329 1122 Deus
345 1091 504 1123 virtutum
521 1092 612 1123 cuius
627 1098 676 1124 est
693 1097 811 1129 totum,
829 1094 871 1125 80

236 1134 459 1166 Devotionem
479 1135 594 1177 populi
617 1136 664 1167 tui
689 1146 887 1178 quaesumus
907 1136 1041 1168 domine

278 1177 450 1219 benignus,
470 1180 511 1219 48

236 1220 368 1262 Dirigat
384 1222 485 1253 corda
501 1226 614 1253 nostra
629 1233 837 1264 quaesumus,
857 1233 899 1267 93

235 1264 382 1296 Domine
418 1265 500 1297 deus
537 1266 748 1308 omnipotens
784 1266 842 1308 qui
877 1266 920 1298 ad
951 1266 1040 1308 prin-

277 1307 412 1349 cipium,
434 1318 475 1349 24

236 1351 420 1383 Ecclesiam
439 1357 528 1383 tuam
546 1352 680 1385 domine
695 1353 869 1394 benignus,
891 1354 949 1385 182

234 1394 418 1426 Ecclesiam
435 1400 525 1427 tuam
541 1396 677 1428 domine
692 1396 870 1434 miseratio,
887 1406 931 1438 90

234 1438 318 1470 Esto
333 1438 468 1471 domine
483 1439 574 1480 plebi
590 1444 665 1471 tuae
681 1439 911 1479 sanctificator,
935 1451 993 1480 142

235 1482 316 1513 Esto
332 1482 467 1514 domine
483 1482 645 1524 propitius
661 1483 751 1525 plebi
774 1488 849 1516 tuae
872 1488 905 1516 et
924 1494 1035 1525 quarn,

234 1536 365 1600 Exa9udi
395 1569 531 1600 domine
565 1580 678 1611 preces
714 1576 843 1602 nostras
874 1575 906 1602 et
937 1570 1036 1602 inter-

277 1612 414 1644 cedente
430 1613 529 1644 beato
547 1613 675 1652 Marco,
698 1613 754 1646 161

235 1655 365 1687 Exaudi
403 1656 538 1688 domine
567 1667 679 1698 preces
711 1661 840 1688 nostras
869 1662 902 1689 et
938 1656 1036 1689 inter-

275 1699 429 1731 veniente
445 1699 543 1731 beato
560 1699 719 1737 Damaso,
741 1701 800 1741 178

234 1742 364 1774 Exaudi
380 1753 441 1774 nos
462 1743 543 1775 deus
564 1743 715 1775 salutaris
731 1748 842 1775 noster
858 1748 889 1776 et
905 1747 1036 1786 aposto-

278 1786 395 1825 lorum,
417 1797 456 1827 23

233 1829 364 1860 Exaudi
387 1840 449 1861 nos
469 1829 550 1861 deus
573 1829 725 1862 salutaris
748 1835 859 1862 noster
881 1835 917 1863 ut
941 1830 1036 1867 sicut,

281 1874 339 1913 187

233 1916 364 1947 Exaudi
383 1926 444 1948 nos
466 1917 678 1959 omnipotens
696 1922 728 1949 et
750 1917 934 1949 misericors
956 1917 1037 1949 deus

276 1965 308 1991 et
324 1960 556 1998 continentiae,
577 1970 613 2001 51

234 2003 365 2034 Exaudi
413 2014 612 2045 quaesumus
664 2003 799 2036 domine
849 2004 1036 2046 supplicum

276 2057 399 2088 preces,
420 2056 459 2087 45

233 2090 352 2121 Excita
374 2090 509 2122 domine
532 2090 632 2122 corda
653 2096 766 2123 nostra
789 2091 831 2122 ad
859 2101 1036 2133 preparan-

276 2133 346 2171 das,
366 2142 406 2174 27

234 2177 353 2208 Excita
373 2187 572 2218 quaesumus
593 2177 728 2209 domine
744 2177 930 2219 potentiam
946 2182 1037 2209 tuam

275 2225 307 2252 et
323 2220 398 2251 veni
414 2226 449 2251 ut
466 2221 509 2251 ab
525 2220 787 2258 imminentibus,
806 2232 845 2252 22

234 2264 353 2295 Excita
368 2274 565 2304 quaesumus
586 2264 722 2295 domine
742 2264 926 2306 potentiam
945 2269 1036 2296 tuam

275 2311 307 2338 et
323 2307 398 2338 veni
415 2312 447 2338 et
464 2317 595 2348 magna,
615 2318 655 2350 29

234 2350 411 2382 Familiam
441 2355 530 2382 tuam
562 2361 760 2392 quaesumus
797 2351 932 2383 domine
959 2361 1035 2383 con-

275 2394 367 2425 tinua
383 2394 506 2435 pietate
522 2394 651 2426 custodi
667 2399 702 2425 ut
718 2405 738 2425 a
753 2394 890 2430 cunctis,
908 2403 948 2437 97

234 2437 409 2468 Familiam
440 2442 531 2468 tuam
559 2448 756 2479 quaesumus
787 2438 921 2469 domine
958 2448 1035 2470 con-

276 2480 368 2512 tinua
392 2480 515 2522 pietate
545 2481 692 2513 custodi:
724 2486 759 2513 ut
790 2491 874 2523 quae
901 2481 935 2512 in
966 2482 1037 2513 sola

276 2535 290 2555 s
317 2534 334 2555 e

233 2534 477 2598 Fariiu’li35tuis
503 2577 701 2608 quaesumus
731 2567 867 2600 domine
891 2567 1032 2607 celestis,

280 2621 338 2651 153

232 2654 259 2684 F
262 2654 447 2684 amulorum
463 2658 594 2685 tuorum
611 2664 809 2695 quaesumus
825 2654 960 2686 domine
979 2654 1035 2686 de-

274 2697 371 2735 lictis,
395 2706 455 2737 149

232 2740 399 2772 Fidelium
415 2740 496 2771 deus
511 2739 659 2771 omnium
672 2741 835 2779 conditor,
855 2739 897 2782 46

298 2806 318 2819 ,‚
351 2783 385 2814 in
401 2793 573 2814 commem.
592 2784 739 2815 omnium
756 2784 951 2823 animarum,
975 2783 1034 2824 167

234 2826 363 2858 Ieiunia
381 2831 493 2857 nostra
514 2837 711 2868 quaesumus
734 2828 869 2860 domine
889 2827 1035 2870 benigno

275 2870 387 2901 favore
403 2880 611 2911 prosequere,
632 2881 671 2910 52

231 2913 394 2944 Inchoata
424 2913 544 2944 ieiunia
582 2924 780 2955 quaesumus
814 2914 948 2947 domine
978 2914 1034 2947 be-

274 2956 386 2997 nigno,
405 2965 445 2995 47

232 2999 478 3040 Indulgentiam
496 2999 592 3031 nobis
609 3011 817 3041 quaesumus,
839 3003 896 3042 187

814 192 986 224 INDEX
1017 193 1111 226 ORA
1122 194 1174 226 Τ]
1174 193 1243 226 ΟΝ
1246 193 1329 226 UM.

1113 270 1322 302 Ineffabilem
1361 271 1458 302 nobis
1492 271 1627 304 domine
1658 273 1916 306 misericordiam

1155 319 1257 352 tuam,
1279 324 1318 355 45

1115 356 1347 389 Infirmitatem
1379 362 1524 389 nostram
1550 360 1677 400 respice
1705 358 1917 402 omnipotens

1158 400 1423 432 deus...Fabiani
1439 407 1471 433 et
1490 402 1686 439 Sebastiam,
1708 411 1766 444 107

1116 443 1348 475 Infirmitatem
1378 449 1525 476 nostram
1555 445 1681 487 respice
1705 445 1918 488 omnipotens

1157 487 1330 519 deus...N.
1347 488 1510 529 martyris,
1535 490 1592 528 185

1116 530 1313 562 Intercessio
1346 541 1406 562 nos
1437 542 1634 574 quaesumus
1664 531 1799 565 domine
1828 532 1919 564 beati

1160 574 1204 605 N.
1221 573 1362 605 abbatis.
1380 574 1440 607 186

1116 617 1318 649 Interveniat
1346 628 1407 659 pro
1431 617 1528 650 nobis
1559 629 1757 660 quaesumus
1782 618 1919 650 domine

1157 665 1289 692 sanctus
1304 665 1379 693 tuus
1395 661 1513 697 Lucas,
1535 661 1594 703 163

1114 703 1251 745 Largire
1273 704 1369 736 nobis
1396 715 1594 746 quaesumus
1623 705 1758 738 domine
1787 715 1919 747 semper

1156 747 1307 789 spiritum
1324 748 1502 789 cogitandi,
1520 750 1559 780 82

1114 790 1250 865 Largire
1277 801 1474 833 quaesumus
1504 791 1639 823 domine
1662 790 1815 824 fidelibus
1839 791 1916 829 tuis,

1112 877 1322 909 Maiestatem
1350 882 1439 909 tuam
1463 877 1596 910 domine
1623 878 1815 920 suppliciter
1841 889 1916 910 exo-

1155 931 1273 960 ramus,
1298 930 1358 961 174

1113 964 1244 995 Mentes
1274 971 1403 996 nostras
1429 974 1628 1006 quaesumus
1658 964 1794 997 domine
1824 975 1917 1007 para-

1155 1007 1268 1046 cletus,
1290 1016 1330 1048 70

1113 1050 1283 1082 Mentibus
1313 1050 1433 1083 nostris
1463 1061 1660 1092 quaesumus
1691 1051 1826 1084 domine
1850 1052 1916 1093 spi-

1155 1093 1254 1125 ritum
1270 1099 1420 1126 sanctum
1436 1094 1599 1136 benignus
1615 1094 1762 1134 infunde,
1782 1103 1818 1136 71

1113 1137 1237 1169 Nostra
1262 1137 1331 1170 ‚tibi
1369 1138 1503 1170 domine
1536 1148 1735 1180 quaesumus
1768 1138 1833 1170 sint
1863 1148 1916 1170 ac-

1155 1186 1252 1222 cepta
1267 1180 1400 1220 ieiunia,
1421 1192 1459 1222 55

1112 1223 1239 1256 Omnes
1254 1225 1359 1256 sancti
1376 1225 1423 1256 tui
1439 1235 1649 1266 quaesumus,
1669 1235 1707 1266 23

1113 1267 1336 1309 Omnipotens
1386 1268 1640 1300 clementissime
1691 1268 1772 1300 deus
1823 1268 1916 1300 cuius

1155 1310 1252 1347 filius,
1273 1322 1333 1352 144

1112 1353 1334 1396 Omnipotens
1364 1359 1397 1386 et
1428 1354 1613 1387 misericors
1644 1355 1726 1387 deus
1751 1354 1794 1387 de
1823 1355 1916 1387 cuius

1154 1408 1289 1429 munere
1304 1397 1406 1436 venit,
1425 1400 1464 1439 87
1896 1431 1898 1433 ,

1112 1441 1334 1483 Omnipotens
1364 1446 1397 1473 et
1426 1441 1610 1473 misericors
1647 1441 1728 1473 deus
1763 1441 1915 1474 universa

1154 1484 1261 1521 nobis,
1278 1494 1318 1527 95

1111 1527 1335 1569 Omnipotens
1374 1528 1574 1569 sempiterne
1612 1528 1693 1560 deus
1730 1528 1774 1560 da
1817 1528 1914 1561 nobis

1154 1570 1231 1602 fidei
1247 1571 1318 1612 spei
1334 1576 1366 1603 et
1381 1571 1561 1610 charitatis,
1582 1573 1623 1603 88

1109 1614 1331 1656 Omnipotens
1354 1615 1553 1656 sempiterne
1576 1615 1658 1646 deus
1681 1615 1724 1646 da
1746 1614 1844 1647 nobis
1867 1615 1914 1647 ita

1153 1658 1351 1689 Dominicae
1366 1658 1540 1699 passionis,
1558 1657 1599 1699 56

1109 1700 1331 1742 Omnipotens
1354 1701 1553 1743 sempiterne
1583 1701 1664 1733 deus
1687 1701 1792 1743 dirige
1821 1706 1915 1734 actus

1151 1750 1291 1782 nostros,
1312 1752 1351 1786 37

1108 1787 1330 1829 Omnipotens
1356 1787 1554 1830 sempiterne
1578 1788 1659 1819 deus
1685 1787 1911 1820 infirmitatem

1150 1837 1307 1870 nostram,
1330 1842 1368 1872 33

1107 1873 1330 1916 Omnipotens
1364 1874 1562 1916 sempiterne
1595 1874 1676 1906 deus
1706 1874 1912 1907 maiestatem

1150 1922 1242 1949 tuam
1258 1917 1434 1960 supplices,
1457 1928 1515 1959 113

1108 1960 1330 2002 Omnipotens
1357 1961 1556 2002 sempiterne
1579 1961 1660 1993 deus
1685 1961 1839 1994 miserere
1865 1961 1911 1993 sa-

1149 2005 1231 2036 muli
1247 2010 1322 2036 tuae
1338 2015 1454 2046 papae,
1476 2004 1517 2045 46

1107 2047 1329 2090 Omnipotens
1361 2047 1562 2089 sempiterne
1594 2048 1676 2079 deus
1712 2047 1769 2089 qui
1806 2047 1910 2080 abun-

1149 2091 1263 2123 dantia
1278 2091 1411 2133 pietatis
1428 2097 1503 2123 tuae
1519 2096 1550 2123 et
1567 2091 1695 2128 merita,
1713 2092 1753 2132 85

1107 2134 1329 2177 Omnipotens
1351 2135 1551 2177 sempiterne
1572 2135 1653 2166 deus
1676 2134 1732 2176 qui
1756 2134 1912 2166 coelestia

1150 2178 1259 2217 simul,
1281 2188 1320 2219 3²

1106 2221 1328 2263 Omnipotens
1357 2221 1557 2263 sempiterne
1590 2221 1671 2253 deus
1701 2220 1758 2263 qui
1790 2220 1913 2253 dedisti

1148 2265 1279 2296 famulis
1295 2265 1369 2302 tuis,
1389 2273 1424 2306 71

1105 2307 1327 2350 Omnipotens
1350 2307 1549 2349 sempiterne
1570 2308 1651 2339 deus
1674 2307 1730 2349 qui
1749 2318 1789 2339 ex
1805 2307 1909 2339 abun-

1148 2351 1262 2383 dantia
1277 2351 1457 2390 charitatis,
1482 2361 1540 2394 139

1104 2395 1326 2436 Omnipotens
1344 2395 1544 2436 sempiterne
1561 2394 1642 2426 deus
1665 2393 1722 2436 qui
1744 2393 1909 2436 gloriosae

1146 2438 1283 2479 virginis
1299 2438 1437 2476 Mariae,
1458 2447 1497 2477 25

1104 2481 1326 2523 Omnipotens
1342 2482 1541 2523 sempiterne
1557 2481 1638 2512 deus
1654 2480 1710 2522 qui
1730 2479 1827 2513 huius
1842 2480 1909 2512 diei

1146 2525 1379 2563 venerandam,
1403 2534 1464 2565 150

1104 2568 1328 2609 Omnipotens
1352 2567 1551 2610 sempiterne
1578 2567 1659 2598 deus
1683 2567 1738 2609 qui
1762 2567 1909 2599 humano

1145 2611 1258 2653 generi
1274 2611 1317 2642 ad
1333 2611 1531 2642 imitandum
1547 2610 1753 2647 humilitatis,
1771 2610 1812 2651 56

1103 2654 1325 2696 Omnipotens
1351 2653 1551 2696 sempiterne
1581 2654 1663 2686 deus
1690 2653 1748 2695 qui
1777 2652 1909 2685 infirma

1145 2697 1261 2729 mundi
1277 2697 1381 2739 eligis,
1405 2699 1462 2730 108

1103 2741 1326 2782 Omnipotens
1349 2740 1547 2782 sempiterne
1570 2740 1651 2772 deus
1673 2739 1730 2782 qui
1754 2749 1814 2772 nos
1837 2750 1908 2771 om-

1144 2784 1236 2815 nium
1253 2789 1450 2822 sanctorum,
1475 2783 1534 2816 166

1103 2827 1326 2869 Omnipotens
1349 2827 1549 2868 sempiterne
1573 2826 1655 2858 deus
1673 2825 1729 2868 qui
1751 2825 1908 2868 paschale

1145 2875 1384 2902 sacramentum
1402 2871 1436 2902 in
1453 2869 1739 2908 reconciliationis,
1759 2868 1798 2900 61

1102 2914 1324 2955 Omnipotens
1346 2914 1546 2955 sempiterne
1569 2914 1649 2945 deus
1675 2912 1732 2954 qui
1755 2912 1906 2944 vivorum

1145 2957 1325 2989 dominaris
1337 2957 1446 2994 simul,
1463 2956 1504 2997 46

1104 3001 1241 3033 Pateant
1257 3011 1351 3033 aures
1368 3000 1610 3033 misericordiae
1628 3004 1712 3035 tuae,
1732 3000 1771 3039 83
