<?xml version="1.0" encoding="UTF-8"?>
<!DOCTYPE html PUBLIC "-//W3C//DTD XHTML 1.0 Transitional//EN"
    "http://www.w3.org/TR/xhtml1/DTD/xhtml1-transitional.dtd">
<html xmlns="http://www.w3.org/1999/xhtml" xml:lang="en" lang="en">
 <head>
  <title>
</title>
<meta http-equiv="Content-Type" content="text/html;charset=utf-8" />
  <meta name='ocr-system' content='tesseract 3.04.00' />
  <meta name='ocr-capabilities' content='ocr_page ocr_carea ocr_par ocr_line ocrx_word'/>
</head>
<body>
  <div class='ocr_page' id='page_1' title='image "./breviariumromanu00quiuoft/breviariumromanu00quiuoft_0213.png"; bbox 0 0 2066 3392; ppageno 0'>
   <div class='ocr_carea' id='block_1_1' title="bbox 0 0 71 1640">
    <p class='ocr_par' dir='ltr' id='par_1_1' title="bbox 0 0 71 1640">
     <span class='ocr_line' id='line_1_1' title="bbox 0 0 71 1640; baseline 0 0"><span class='ocrx_word' id='word_1_1' title='bbox 0 0 71 1640; x_wconf 95' lang='lat' dir='ltr'> </span> 
     </span>
    </p>
   </div>
   <div class='ocr_carea' id='block_1_2' title="bbox 829 195 1835 239">
    <p class='ocr_par' dir='ltr' id='par_1_2' title="bbox 829 195 1835 239">
     <span class='ocr_line' id='line_1_2' title="bbox 829 195 1835 239; baseline 0 -11"><span class='ocrx_word' id='word_1_2' title='bbox 829 195 1151 230; x_wconf 79' lang='lat' dir='ltr'><em>SEPTEMBER.</em></span> <span class='ocrx_word' id='word_1_3' title='bbox 1758 196 1835 239; x_wconf 82' lang='grc'>153</span> 
     </span>
    </p>
   </div>
   <div class='ocr_carea' id='block_1_3' title="bbox 155 270 961 719">
    <p class='ocr_par' dir='ltr' id='par_1_3' title="bbox 155 270 961 719">
     <span class='ocr_line' id='line_1_3' title="bbox 158 270 959 326; baseline 0 -13"><span class='ocrx_word' id='word_1_4' title='bbox 158 271 340 314; x_wconf 77' lang='lat' dir='ltr'>incensis</span> <span class='ocrx_word' id='word_1_5' title='bbox 355 271 522 314; x_wconf 84' lang='lat' dir='ltr'>facibus</span> <span class='ocrx_word' id='word_1_6' title='bbox 536 271 662 314; x_wconf 89' lang='lat' dir='ltr'>aduri</span> <span class='ocrx_word' id='word_1_7' title='bbox 679 272 802 315; x_wconf 84' lang='lat' dir='ltr'>iuffit.</span> <span class='ocrx_word' id='word_1_8' title='bbox 825 270 959 326; x_wconf 82' lang='lat' dir='ltr'>Quod</span> 
     </span>
     <span class='ocr_line' id='line_1_4' title="bbox 158 329 960 372; baseline 0 -1"><span class='ocrx_word' id='word_1_9' title='bbox 158 344 259 372; x_wconf 90' lang='lat' dir='ltr'>cum</span> <span class='ocrx_word' id='word_1_10' title='bbox 317 330 451 372; x_wconf 89' lang='lat' dir='ltr'>alacri</span> <span class='ocrx_word' id='word_1_11' title='bbox 509 331 659 372; x_wconf 87' lang='lat' dir='ltr'>animo</span> <span class='ocrx_word' id='word_1_12' title='bbox 716 330 792 371; x_wconf 90' lang='lat' dir='ltr'>illa</span> <span class='ocrx_word' id='word_1_13' title='bbox 849 329 960 371; x_wconf 93' lang='lat' dir='ltr'>tole-</span> 
     </span>
     <span class='ocr_line' id='line_1_5' title="bbox 158 387 960 438; baseline 0.001 -10"><span class='ocrx_word' id='word_1_14' title='bbox 158 388 297 438; x_wconf 80' lang='lat' dir='ltr'>raffet,</span> <span class='ocrx_word' id='word_1_15' title='bbox 358 388 542 430; x_wconf 87' lang='lat' dir='ltr'>fustibus</span> <span class='ocrx_word' id='word_1_16' title='bbox 602 388 679 429; x_wconf 92' lang='lat' dir='ltr'>diu</span> <span class='ocrx_word' id='word_1_17' title='bbox 739 387 860 435; x_wconf 84' lang='lat' dir='ltr'>caesa‚</span> <span class='ocrx_word' id='word_1_18' title='bbox 914 393 960 429; x_wconf 88' lang='lat' dir='ltr'>et</span> 
     </span>
     <span class='ocr_line' id='line_1_6' title="bbox 157 444 961 495; baseline -0.001 -8"><span class='ocrx_word' id='word_1_19' title='bbox 157 451 280 487; x_wconf 88' lang='lat' dir='ltr'>trans</span> <span class='ocrx_word' id='word_1_20' title='bbox 308 460 458 487; x_wconf 91' lang='lat' dir='ltr'>arcum</span> <span class='ocrx_word' id='word_1_21' title='bbox 490 446 682 487; x_wconf 91' lang='lat' dir='ltr'>Faustini</span> <span class='ocrx_word' id='word_1_22' title='bbox 712 444 858 495; x_wconf 74' lang='grc' dir='ltr'>ἀυξὶει,</span> <span class='ocrx_word' id='word_1_23' title='bbox 880 445 961 486; x_wconf 84' lang='lat' dir='ltr'>ibi-</span> 
     </span>
     <span class='ocr_line' id='line_1_7' title="bbox 157 503 959 553; baseline -0.001 -8"><span class='ocrx_word' id='word_1_24' title='bbox 157 503 260 545; x_wconf 89' lang='lat' dir='ltr'>dem</span> <span class='ocrx_word' id='word_1_25' title='bbox 296 503 517 545; x_wconf 89' lang='lat' dir='ltr'>decollata</span> <span class='ocrx_word' id='word_1_26' title='bbox 552 504 623 553; x_wconf 88' lang='lat' dir='ltr'>est,</span> <span class='ocrx_word' id='word_1_27' title='bbox 659 503 768 545; x_wconf 90' lang='lat' dir='ltr'>Eius</span> <span class='ocrx_word' id='word_1_28' title='bbox 809 511 959 545; x_wconf 88' lang='lat' dir='ltr'>autem</span> 
     </span>
     <span class='ocr_line' id='line_1_8' title="bbox 157 562 958 615; baseline 0 -13"><span class='ocrx_word' id='word_1_29' title='bbox 157 574 316 615; x_wconf 91' lang='lat' dir='ltr'>corpus</span> <span class='ocrx_word' id='word_1_30' title='bbox 349 562 481 603; x_wconf 89' lang='lat' dir='ltr'>beata</span> <span class='ocrx_word' id='word_1_31' title='bbox 518 562 686 604; x_wconf 89' lang='lat' dir='ltr'>Sabina</span> <span class='ocrx_word' id='word_1_32' title='bbox 719 562 762 602; x_wconf 91' lang='lat' dir='ltr'>in</span> <span class='ocrx_word' id='word_1_33' title='bbox 799 562 958 602; x_wconf 92' lang='lat' dir='ltr'>eodem</span> 
     </span>
     <span class='ocr_line' id='line_1_9' title="bbox 157 618 960 674; baseline 0.001 -15"><span class='ocrx_word' id='word_1_34' title='bbox 157 618 256 660; x_wconf 92' lang='lat' dir='ltr'>loco</span> <span class='ocrx_word' id='word_1_35' title='bbox 285 619 501 674; x_wconf 91' lang='lat' dir='ltr'>Sepeliuit</span> <span class='ocrx_word' id='word_1_36' title='bbox 525 619 657 662; x_wconf 87' lang='lat' dir='ltr'>tertio</span> <span class='ocrx_word' id='word_1_37' title='bbox 685 633 826 661; x_wconf 92' lang='lat' dir='ltr'>nonas</span> <span class='ocrx_word' id='word_1_38' title='bbox 849 619 960 674; x_wconf 89' lang='lat' dir='ltr'>Sep-</span> 
     </span>
     <span class='ocr_line' id='line_1_10' title="bbox 155 677 351 719; baseline 0.005 -1"><span class='ocrx_word' id='word_1_39' title='bbox 155 677 351 719; x_wconf 90' lang='lat' dir='ltr'>tembris.</span> 
     </span>
    </p>
   </div>
   <div class='ocr_carea' id='block_1_4' title="bbox 153 783 962 954">
    <p class='ocr_par' dir='ltr' id='par_1_4' title="bbox 153 783 962 954">
     <span class='ocr_line' id='line_1_11' title="bbox 213 783 962 839; baseline 0.003 -15"><span class='ocrx_word' id='word_1_40' title='bbox 213 788 258 834; x_wconf 71' lang='lat'>(1</span> <span class='ocrx_word' id='word_1_41' title='bbox 300 783 535 826; x_wconf 81' lang='lat' dir='ltr'>Naliuz&#39;tas</span> <span class='ocrx_word' id='word_1_42' title='bbox 572 784 636 825; x_wconf 90' lang='lat' dir='ltr'><em>M</em></span> <span class='ocrx_word' id='word_1_43' title='bbox 632 785 726 825; x_wconf 79' lang='lat' dir='ltr'>arie</span> <span class='ocrx_word' id='word_1_44' title='bbox 767 784 962 839; x_wconf 80' lang='lat' dir='ltr'>virginis</span> 
     </span>
     <span class='ocr_line' id='line_1_12' title="bbox 153 841 958 894; baseline 0.002 -12"><span class='ocrx_word' id='word_1_45' title='bbox 153 841 309 894; x_wconf 77' lang='lat' dir='ltr'>duplex</span> <span class='ocrx_word' id='word_1_46' title='bbox 338 842 484 883; x_wconf 85' lang='lat' dir='ltr'>maius</span> <span class='ocrx_word' id='word_1_47' title='bbox 517 849 559 884; x_wconf 84' lang='lat' dir='ltr'>et</span> <span class='ocrx_word' id='word_1_48' title='bbox 596 842 721 884; x_wconf 76' lang='lat' dir='ltr'>habet</span> <span class='ocrx_word' id='word_1_49' title='bbox 748 843 958 884; x_wconf 54' lang='lat' dir='ltr'>offanum.</span> 
     </span>
     <span class='ocr_line' id='line_1_13' title="bbox 153 899 711 954; baseline 0.004 -14"><span class='ocrx_word' id='word_1_50' title='bbox 153 900 195 941; x_wconf 85' lang='lat' dir='ltr'><em>A</em></span> <span class='ocrx_word' id='word_1_51' title='bbox 201 899 236 940; x_wconf 87' lang='lat' dir='ltr'>d</span> <span class='ocrx_word' id='word_1_52' title='bbox 252 899 452 954; x_wconf 73' lang='lat' dir='ltr'>vesperas,</span> <span class='ocrx_word' id='word_1_53' title='bbox 494 900 711 953; x_wconf 84' lang='lat' dir='ltr'><em>Hymnus.</em></span> 
     </span>
    </p>
   </div>
   <div class='ocr_carea' id='block_1_5' title="bbox 211 973 648 1017">
    <p class='ocr_par' dir='ltr' id='par_1_5' title="bbox 211 973 648 1017">
     <span class='ocr_line' id='line_1_14' title="bbox 211 973 648 1017; baseline 0.002 -1"><span class='ocrx_word' id='word_1_54' title='bbox 211 973 314 1016; x_wconf 91' lang='lat' dir='ltr'>Aue</span> <span class='ocrx_word' id='word_1_55' title='bbox 337 975 470 1016; x_wconf 87' lang='lat' dir='ltr'>maris</span> <span class='ocrx_word' id='word_1_56' title='bbox 492 974 648 1017; x_wconf 90' lang='lat' dir='ltr'>stella¹.</span> 
     </span>
    </p>
   </div>
   <div class='ocr_carea' id='block_1_6' title="bbox 477 1077 642 1120">
    <p class='ocr_par' dir='ltr' id='par_1_6' title="bbox 477 1077 642 1120">
     <span class='ocr_line' id='line_1_15' title="bbox 477 1077 642 1120; baseline 0.006 -1"><span class='ocrx_word' id='word_1_57' title='bbox 477 1077 642 1120; x_wconf 81' lang='lat' dir='ltr'><em>Oratio.</em></span> 
     </span>
    </p>
   </div>
   <div class='ocr_carea' id='block_1_7' title="bbox 148 1150 958 1542">
    <p class='ocr_par' dir='ltr' id='par_1_7' title="bbox 158 1150 958 1234">
     <span class='ocr_line' id='line_1_16' title="bbox 158 1150 958 1234; baseline 0.004 -42"><span class='ocrx_word' id='word_1_58' title='bbox 158 1150 414 1234; x_wconf 80' lang='lat' dir='ltr'>FAmulis</span> <span class='ocrx_word' id='word_1_59' title='bbox 455 1153 542 1194; x_wconf 87' lang='lat' dir='ltr'>tuis</span> <span class='ocrx_word' id='word_1_60' title='bbox 587 1152 838 1207; x_wconf 83' lang='lat' dir='ltr'>quaesumus</span> <span class='ocrx_word' id='word_1_61' title='bbox 879 1154 958 1195; x_wconf 94' lang='lat' dir='ltr'>do-</span> 
     </span>
    </p>

    <p class='ocr_par' dir='ltr' id='par_1_8' title="bbox 148 1210 958 1542">
     <span class='ocr_line' id='line_1_17' title="bbox 259 1210 957 1265; baseline 0.004 -14"><span class='ocrx_word' id='word_1_62' title='bbox 259 1211 382 1251; x_wconf 91' lang='lat' dir='ltr'>-mine</span> <span class='ocrx_word' id='word_1_63' title='bbox 413 1210 580 1252; x_wconf 91' lang='lat' dir='ltr'>celestis</span> <span class='ocrx_word' id='word_1_64' title='bbox 611 1212 764 1265; x_wconf 78' lang='lat' dir='ltr'>gratiae</span> <span class='ocrx_word' id='word_1_65' title='bbox 797 1226 957 1254; x_wconf 87' lang='lat' dir='ltr'>munus</span> 
     </span>
     <span class='ocr_line' id='line_1_18' title="bbox 154 1267 957 1323; baseline 0.004 -15"><span class='ocrx_word' id='word_1_66' title='bbox 154 1267 400 1321; x_wconf 71' lang='lat' dir='ltr'>impertire²</span> <span class='ocrx_word' id='word_1_67' title='bbox 426 1284 435 1310; x_wconf 89' lang='lat'><strong>:</strong></span> <span class='ocrx_word' id='word_1_68' title='bbox 455 1274 503 1310; x_wconf 88' lang='lat' dir='ltr'>vt</span> <span class='ocrx_word' id='word_1_69' title='bbox 525 1269 684 1323; x_wconf 91' lang='lat' dir='ltr'>quibus</span> <span class='ocrx_word' id='word_1_70' title='bbox 706 1269 850 1310; x_wconf 82' lang='lat' dir='ltr'>beatae</span> <span class='ocrx_word' id='word_1_71' title='bbox 872 1271 957 1311; x_wconf 92' lang='lat' dir='ltr'>vir-</span> 
     </span>
     <span class='ocr_line' id='line_1_19' title="bbox 152 1325 957 1380; baseline 0.002 -14"><span class='ocrx_word' id='word_1_72' title='bbox 152 1325 268 1379; x_wconf 85' lang='lat' dir='ltr'><strong>ginis</strong></span> <span class='ocrx_word' id='word_1_73' title='bbox 309 1333 460 1380; x_wconf 89' lang='lat' dir='ltr'>partus</span> <span class='ocrx_word' id='word_1_74' title='bbox 501 1327 653 1368; x_wconf 87' lang='lat' dir='ltr'>extitit</span> <span class='ocrx_word' id='word_1_75' title='bbox 690 1327 838 1369; x_wconf 88' lang='lat' dir='ltr'>salutis</span> <span class='ocrx_word' id='word_1_76' title='bbox 879 1342 957 1368; x_wconf 85' lang='lat' dir='ltr'>ex-</span> 
     </span>
     <span class='ocr_line' id='line_1_20' title="bbox 151 1384 958 1428; baseline 0.004 -4"><span class='ocrx_word' id='word_1_77' title='bbox 151 1384 325 1425; x_wconf 90' lang='lat' dir='ltr'>ordium</span> <span class='ocrx_word' id='word_1_78' title='bbox 353 1400 362 1426; x_wconf 77' lang='grc' dir='ltr'>ε</span> <span class='ocrx_word' id='word_1_79' title='bbox 390 1384 660 1426; x_wconf 80' lang='lat' dir='ltr'>natiuitatis⁸</span> <span class='ocrx_word' id='word_1_80' title='bbox 687 1386 780 1426; x_wconf 90' lang='lat' dir='ltr'>eius</span> <span class='ocrx_word' id='word_1_81' title='bbox 805 1387 958 1428; x_wconf 90' lang='lat' dir='ltr'>votiua</span> 
     </span>
     <span class='ocr_line' id='line_1_21' title="bbox 152 1441 957 1497; baseline 0.004 -15"><span class='ocrx_word' id='word_1_82' title='bbox 152 1441 392 1484; x_wconf 84' lang='lat' dir='ltr'><strong>solennitas</strong></span> <span class='ocrx_word' id='word_1_83' title='bbox 432 1443 554 1497; x_wconf 82' lang='lat' dir='ltr'>pacis</span> <span class='ocrx_word' id='word_1_84' title='bbox 603 1443 769 1485; x_wconf 89' lang='lat' dir='ltr'>tribuat</span> <span class='ocrx_word' id='word_1_85' title='bbox 820 1444 957 1486; x_wconf 90' lang='lat' dir='ltr'>incre-</span> 
     </span>
     <span class='ocr_line' id='line_1_22' title="bbox 148 1501 519 1542; baseline 0.005 -2"><span class='ocrx_word' id='word_1_86' title='bbox 148 1505 364 1542; x_wconf 84' lang='lat' dir='ltr'>mentum.</span> <span class='ocrx_word' id='word_1_87' title='bbox 426 1501 519 1542; x_wconf 89' lang='lat' dir='ltr'>Per.</span> 
     </span>
    </p>
   </div>
   <div class='ocr_carea' id='block_1_8' title="bbox 208 1598 947 1643">
    <p class='ocr_par' dir='ltr' id='par_1_9' title="bbox 208 1598 947 1643">
     <span class='ocr_line' id='line_1_23' title="bbox 208 1598 947 1643; baseline 0.003 -3"><span class='ocrx_word' id='word_1_88' title='bbox 208 1598 249 1641; x_wconf 82' lang='lat' dir='ltr'><em>A</em></span> <span class='ocrx_word' id='word_1_89' title='bbox 257 1598 292 1641; x_wconf 83' lang='lat' dir='ltr'><em>d</em></span> <span class='ocrx_word' id='word_1_90' title='bbox 303 1599 585 1642; x_wconf 84' lang='lat' dir='ltr'>matutinum.</span> <span class='ocrx_word' id='word_1_91' title='bbox 608 1599 914 1642; x_wconf 82' lang='lat' dir='ltr'>z‘nuz‘tatorimn</span> <span class='ocrx_word' id='word_1_92' title='bbox 921 1599 947 1643; x_wconf 86' lang='lat'>⁴.</span> 
     </span>
    </p>
   </div>
   <div class='ocr_carea' id='block_1_9' title="bbox 151 1675 959 1834">
    <p class='ocr_par' dir='ltr' id='par_1_10' title="bbox 151 1675 959 1834">
     <span class='ocr_line' id='line_1_24' title="bbox 212 1675 959 1730; baseline 0.001 -14"><span class='ocrx_word' id='word_1_93' title='bbox 212 1675 510 1717; x_wconf 89' lang='lat' dir='ltr'>Natiuitatem</span> <span class='ocrx_word' id='word_1_94' title='bbox 524 1675 708 1730; x_wconf 85' lang='lat' dir='ltr'>virginis</span> <span class='ocrx_word' id='word_1_95' title='bbox 726 1676 875 1717; x_wconf 82' lang='lat' dir='ltr'>mariae</span> <span class='ocrx_word' id='word_1_96' title='bbox 889 1690 959 1717; x_wconf 91' lang='lat' dir='ltr'>ce-</span> 
     </span>
     <span class='ocr_line' id='line_1_25' title="bbox 152 1732 956 1784; baseline 0.001 -10"><span class='ocrx_word' id='word_1_97' title='bbox 152 1732 386 1784; x_wconf 88' lang='lat' dir='ltr'>lebremus,</span> <span class='ocrx_word' id='word_1_98' title='bbox 420 1733 641 1776; x_wconf 83' lang='lat' dir='ltr'>Christum</span> <span class='ocrx_word' id='word_1_99' title='bbox 683 1733 777 1775; x_wconf 91' lang='lat' dir='ltr'>eius</span> <span class='ocrx_word' id='word_1_100' title='bbox 819 1734 956 1775; x_wconf 88' lang='lat' dir='ltr'>filium</span> 
     </span>
     <span class='ocr_line' id='line_1_26' title="bbox 151 1791 654 1834; baseline 0.002 -1"><span class='ocrx_word' id='word_1_101' title='bbox 151 1791 390 1833; x_wconf 88' lang='lat' dir='ltr'>adoremus</span> <span class='ocrx_word' id='word_1_102' title='bbox 411 1791 654 1834; x_wconf 90' lang='lat' dir='ltr'>dominum.</span> 
     </span>
    </p>
   </div>
   <div class='ocr_carea' id='block_1_10' title="bbox 209 1882 658 2012">
    <p class='ocr_par' dir='ltr' id='par_1_11' title="bbox 209 1882 658 2012">
     <span class='ocr_line' id='line_1_27' title="bbox 439 1882 658 1937; baseline 0.009 -13"><span class='ocrx_word' id='word_1_103' title='bbox 439 1882 658 1937; x_wconf 84' lang='lat' dir='ltr'>Hymnus.</span> 
     </span>
     <span class='ocr_line' id='line_1_28' title="bbox 209 1957 471 2012; baseline -0.004 -11"><span class='ocrx_word' id='word_1_104' title='bbox 209 1957 250 2001; x_wconf 92' lang='lat' dir='ltr'>O</span> <span class='ocrx_word' id='word_1_105' title='bbox 272 1957 471 2012; x_wconf 88' lang='lat' dir='ltr'>gloriosa.</span> 
     </span>
    </p>
   </div>
   <div class='ocr_carea' id='block_1_11' title="bbox 403 2061 710 2103">
    <p class='ocr_par' dir='ltr' id='par_1_12' title="bbox 403 2061 710 2103">
     <span class='ocr_line' id='line_1_29' title="bbox 403 2061 710 2103; baseline 0.003 -1"><span class='ocrx_word' id='word_1_106' title='bbox 403 2061 549 2103; x_wconf 75' lang='lat' dir='ltr'>Lec‘lio</span> <span class='ocrx_word' id='word_1_107' title='bbox 569 2061 710 2103; x_wconf 81' lang='lat' dir='ltr'>tertia.</span> 
     </span>
    </p>
   </div>
   <div class='ocr_carea' id='block_1_12' title="bbox 149 2134 958 2883">
    <p class='ocr_par' dir='ltr' id='par_1_13' title="bbox 161 2134 958 2218">
     <span class='ocr_line' id='line_1_30' title="bbox 161 2134 958 2218; baseline 0.001 -42"><span class='ocrx_word' id='word_1_108' title='bbox 161 2134 380 2218; x_wconf 83' lang='lat' dir='ltr'>MAria</span> <span class='ocrx_word' id='word_1_109' title='bbox 428 2135 553 2189; x_wconf 87' lang='lat' dir='ltr'>virgo</span> <span class='ocrx_word' id='word_1_110' title='bbox 605 2135 762 2178; x_wconf 89' lang='lat' dir='ltr'>Christi</span> <span class='ocrx_word' id='word_1_111' title='bbox 815 2142 958 2177; x_wconf 88' lang='lat' dir='ltr'>mater</span> 
     </span>
    </p>

    <p class='ocr_par' dir='ltr' id='par_1_14' title="bbox 149 2193 956 2883">
     <span class='ocr_line' id='line_1_31' title="bbox 297 2193 954 2247; baseline 0.002 -13"><span class='ocrx_word' id='word_1_112' title='bbox 297 2201 469 2247; x_wconf 91' lang='lat' dir='ltr'>patrem</span> <span class='ocrx_word' id='word_1_113' title='bbox 501 2193 657 2234; x_wconf 84' lang='lat' dir='ltr'>habuit</span> <span class='ocrx_word' id='word_1_114' title='bbox 693 2193 954 2235; x_wconf 91' lang='lat' dir='ltr'>Ioachinum</span> 
     </span>
     <span class='ocr_line' id='line_1_32' title="bbox 149 2250 956 2301; baseline 0.001 -10"><span class='ocrx_word' id='word_1_115' title='bbox 149 2250 293 2292; x_wconf 88' lang='lat' dir='ltr'>ciuem</span> <span class='ocrx_word' id='word_1_116' title='bbox 338 2251 560 2292; x_wconf 83' lang='lat' dir='ltr'><strong>Nazareth</strong></span> <span class='ocrx_word' id='word_1_117' title='bbox 592 2250 709 2292; x_wconf 88' lang='lat' dir='ltr'>vrbis</span> <span class='ocrx_word' id='word_1_118' title='bbox 743 2250 956 2301; x_wconf 81' lang='lat' dir='ltr'>Galilaeae,</span> 
     </span>
     <span class='ocr_line' id='line_1_33' title="bbox 151 2308 956 2362; baseline 0.001 -13"><span class='ocrx_word' id='word_1_119' title='bbox 151 2314 195 2350; x_wconf 92' lang='lat' dir='ltr'>et</span> <span class='ocrx_word' id='word_1_120' title='bbox 232 2315 420 2349; x_wconf 91' lang='lat' dir='ltr'>matrem</span> <span class='ocrx_word' id='word_1_121' title='bbox 462 2308 645 2349; x_wconf 86' lang='lat' dir='ltr'><strong>Annam</strong></span> <span class='ocrx_word' id='word_1_122' title='bbox 687 2322 746 2350; x_wconf 86' lang='lat' dir='ltr'>ex</span> <span class='ocrx_word' id='word_1_123' title='bbox 787 2309 956 2362; x_wconf 92' lang='lat' dir='ltr'>oppido</span> 
     </span>
     <span class='ocr_line' id='line_1_34' title="bbox 150 2365 954 2414; baseline 0.001 -7"><span class='ocrx_word' id='word_1_124' title='bbox 150 2365 425 2414; x_wconf 84' lang='lat' dir='ltr'>Bethlehem,</span> <span class='ocrx_word' id='word_1_125' title='bbox 441 2367 596 2407; x_wconf 85' lang='lat' dir='ltr'>ambos</span> <span class='ocrx_word' id='word_1_126' title='bbox 612 2379 670 2407; x_wconf 87' lang='lat' dir='ltr'>ex</span> <span class='ocrx_word' id='word_1_127' title='bbox 689 2366 804 2407; x_wconf 90' lang='lat' dir='ltr'>tribu</span> <span class='ocrx_word' id='word_1_128' title='bbox 829 2366 954 2408; x_wconf 80' lang='lat' dir='ltr'>Iudae</span> 
     </span>
     <span class='ocr_line' id='line_1_35' title="bbox 151 2424 954 2478; baseline 0.002 -14"><span class='ocrx_word' id='word_1_129' title='bbox 151 2436 210 2464; x_wconf 88' lang='lat' dir='ltr'>ex</span> <span class='ocrx_word' id='word_1_130' title='bbox 248 2436 371 2464; x_wconf 93' lang='lat' dir='ltr'>more</span> <span class='ocrx_word' id='word_1_131' title='bbox 411 2424 675 2473; x_wconf 80' lang='lat' dir='ltr'>Iudaeorum‚</span> <span class='ocrx_word' id='word_1_132' title='bbox 706 2424 864 2478; x_wconf 90' lang='lat' dir='ltr'>quibus</span> <span class='ocrx_word' id='word_1_133' title='bbox 896 2439 954 2466; x_wconf 88' lang='lat' dir='ltr'>ex</span> 
     </span>
     <span class='ocr_line' id='line_1_36' title="bbox 152 2480 954 2535; baseline 0.004 -14"><span class='ocrx_word' id='word_1_134' title='bbox 152 2480 226 2522; x_wconf 88' lang='lat' dir='ltr'>sua</span> <span class='ocrx_word' id='word_1_135' title='bbox 247 2481 405 2535; x_wconf 91' lang='lat' dir='ltr'>cuique</span> <span class='ocrx_word' id='word_1_136' title='bbox 428 2481 564 2522; x_wconf 92' lang='lat' dir='ltr'>Tribu</span> <span class='ocrx_word' id='word_1_137' title='bbox 587 2495 772 2523; x_wconf 88' lang='lat' dir='ltr'>vxorem</span> <span class='ocrx_word' id='word_1_138' title='bbox 795 2482 954 2524; x_wconf 91' lang='lat' dir='ltr'>ducere</span> 
     </span>
     <span class='ocr_line' id='line_1_37' title="bbox 152 2537 953 2592; baseline 0.002 -13"><span class='ocrx_word' id='word_1_139' title='bbox 152 2537 399 2592; x_wconf 88' lang='lat' dir='ltr'>legitimum</span> <span class='ocrx_word' id='word_1_140' title='bbox 452 2545 546 2581; x_wconf 87' lang='lat' dir='ltr'>erat</span> <span class='ocrx_word' id='word_1_141' title='bbox 590 2545 635 2581; x_wconf 88' lang='lat' dir='ltr'>et</span> <span class='ocrx_word' id='word_1_142' title='bbox 685 2539 953 2581; x_wconf 89' lang='lat' dir='ltr'>consuetum.</span> 
     </span>
     <span class='ocr_line' id='line_1_38' title="bbox 153 2595 954 2650; baseline 0.001 -13"><span class='ocrx_word' id='word_1_143' title='bbox 153 2595 390 2637; x_wconf 87' lang='lat' dir='ltr'>Ioachinus</span> <span class='ocrx_word' id='word_1_144' title='bbox 443 2596 584 2650; x_wconf 86' lang='lat' dir='ltr'>Igitur</span> <span class='ocrx_word' id='word_1_145' title='bbox 627 2603 672 2638; x_wconf 92' lang='lat' dir='ltr'>et</span> <span class='ocrx_word' id='word_1_146' title='bbox 713 2596 849 2638; x_wconf 91' lang='lat' dir='ltr'>Anna</span> <span class='ocrx_word' id='word_1_147' title='bbox 889 2597 954 2638; x_wconf 88' lang='lat' dir='ltr'>as-</span> 
     </span>
     <span class='ocr_line' id='line_1_39' title="bbox 151 2652 951 2708; baseline 0.003 -14"><span class='ocrx_word' id='word_1_148' title='bbox 151 2652 272 2695; x_wconf 84' lang='lat' dir='ltr'>fidua</span> <span class='ocrx_word' id='word_1_149' title='bbox 293 2659 337 2695; x_wconf 88' lang='lat' dir='ltr'>et</span> <span class='ocrx_word' id='word_1_150' title='bbox 362 2654 551 2696; x_wconf 87' lang='lat' dir='ltr'>mirabili</span> <span class='ocrx_word' id='word_1_151' title='bbox 582 2654 792 2708; x_wconf 87' lang='lat' dir='ltr'>religione</span> <span class='ocrx_word' id='word_1_152' title='bbox 818 2654 951 2697; x_wconf 90' lang='lat' dir='ltr'>deum</span> 
     </span>
     <span class='ocr_line' id='line_1_40' title="bbox 151 2710 952 2766; baseline 0.004 -14"><span class='ocrx_word' id='word_1_153' title='bbox 151 2710 360 2762; x_wconf 84' lang='lat' dir='ltr'>colentes,</span> <span class='ocrx_word' id='word_1_154' title='bbox 409 2712 675 2766; x_wconf 82' lang='lat' dir='ltr'>tripartitam</span> <span class='ocrx_word' id='word_1_155' title='bbox 727 2712 952 2755; x_wconf 85' lang='lat' dir='ltr'>habebant</span> 
     </span>
     <span class='ocr_line' id='line_1_41' title="bbox 151 2768 951 2812; baseline 0.003 -3"><span class='ocrx_word' id='word_1_156' title='bbox 151 2768 323 2810; x_wconf 89' lang='lat' dir='ltr'>suorum</span> <span class='ocrx_word' id='word_1_157' title='bbox 333 2769 550 2811; x_wconf 90' lang='lat' dir='ltr'>bonorum</span> <span class='ocrx_word' id='word_1_158' title='bbox 561 2770 787 2812; x_wconf 89' lang='lat' dir='ltr'>rationem.</span> <span class='ocrx_word' id='word_1_159' title='bbox 804 2770 951 2812; x_wconf 89' lang='lat' dir='ltr'>Vnam</span> 
     </span>
     <span class='ocr_line' id='line_1_42' title="bbox 149 2826 950 2883; baseline 0.002 -15"><span class='ocrx_word' id='word_1_160' title='bbox 149 2826 266 2868; x_wconf 86' lang='lat' dir='ltr'>enim</span> <span class='ocrx_word' id='word_1_161' title='bbox 283 2833 452 2881; x_wconf 89' lang='lat' dir='ltr'>partem</span> <span class='ocrx_word' id='word_1_162' title='bbox 472 2828 751 2883; x_wconf 87' lang='lat' dir='ltr'>pauperibus,</span> <span class='ocrx_word' id='word_1_163' title='bbox 765 2828 950 2870; x_wconf 87' lang='lat' dir='ltr'>alteram</span> 
     </span>
    </p>
   </div>
   <div class='ocr_carea' id='block_1_13' title="bbox 221 2916 693 3048">
    <p class='ocr_par' dir='ltr' id='par_1_15' title="bbox 221 2916 693 3048">
     <span class='ocr_line' id='line_1_43' title="bbox 221 2916 693 2964; baseline 0.004 -13"><span class='ocrx_word' id='word_1_164' title='bbox 221 2916 231 2939; x_wconf 95' lang='lat'>¹</span> <span class='ocrx_word' id='word_1_165' title='bbox 244 2916 348 2964; x_wconf 68' lang='lat' dir='ltr'>solio</span> <span class='ocrx_word' id='word_1_166' title='bbox 366 2917 499 2952; x_wconf 80' lang='lat' dir='ltr'>vlllmo</span> <span class='ocrx_word' id='word_1_167' title='bbox 522 2930 528 2952; x_wconf 89' lang='lat'>:</span> <span class='ocrx_word' id='word_1_168' title='bbox 546 2917 630 2954; x_wconf 82' lang='lat' dir='ltr'>add.</span> <span class='ocrx_word' id='word_1_169' title='bbox 652 2918 693 2953; x_wconf 86' lang='grc' dir='ltr'>Α.</span> 
     </span>
     <span class='ocr_line' id='line_1_44' title="bbox 221 2962 600 3010; baseline 0.003 -12"><span class='ocrx_word' id='word_1_170' title='bbox 221 2962 235 2985; x_wconf 87' lang='lat'>²</span> <span class='ocrx_word' id='word_1_171' title='bbox 260 2964 451 3010; x_wconf 83' lang='lat' dir='ltr'>impartire</span> <span class='ocrx_word' id='word_1_172' title='bbox 476 2977 483 2999; x_wconf 73' lang='grc' dir='ltr'>ε</span> <span class='ocrx_word' id='word_1_173' title='bbox 504 2965 541 2999; x_wconf 84' lang='grc' dir='ltr'>Ρ.</span> <span class='ocrx_word' id='word_1_174' title='bbox 559 2965 600 3000; x_wconf 82' lang='grc' dir='ltr'>Α.</span> 
     </span>
     <span class='ocr_line' id='line_1_45' title="bbox 222 3010 533 3048; baseline 0 -2"><span class='ocrx_word' id='word_1_175' title='bbox 222 3010 236 3033; x_wconf 84' lang='lat'>³</span> <span class='ocrx_word' id='word_1_176' title='bbox 261 3010 438 3048; x_wconf 79' lang='lat' dir='ltr'>natiuitas</span> <span class='ocrx_word' id='word_1_177' title='bbox 463 3024 470 3047; x_wconf 92' lang='lat'>:</span> <span class='ocrx_word' id='word_1_178' title='bbox 490 3012 533 3047; x_wconf 84' lang='lat' dir='ltr'>A.</span> 
     </span>
    </p>
   </div>
   <div class='ocr_carea' id='block_1_14' title="bbox 1023 271 1834 2877">
    <p class='ocr_par' dir='ltr' id='par_1_16' title="bbox 1023 271 1834 2877">
     <span class='ocr_line' id='line_1_46' title="bbox 1029 271 1834 326; baseline 0.006 -14"><span class='ocrx_word' id='word_1_179' title='bbox 1029 271 1199 326; x_wconf 89' lang='lat' dir='ltr'>templo</span> <span class='ocrx_word' id='word_1_180' title='bbox 1221 272 1399 326; x_wconf 91' lang='lat' dir='ltr'>eiusque</span> <span class='ocrx_word' id='word_1_181' title='bbox 1427 273 1633 315; x_wconf 89' lang='lat' dir='ltr'>ministris</span> <span class='ocrx_word' id='word_1_182' title='bbox 1658 275 1834 317; x_wconf 89' lang='lat' dir='ltr'>dicaue-</span> 
     </span>
     <span class='ocr_line' id='line_1_47' title="bbox 1028 330 1832 385; baseline 0.004 -14"><span class='ocrx_word' id='word_1_183' title='bbox 1028 336 1139 371; x_wconf 89' lang='lat' dir='ltr'>rant.</span> <span class='ocrx_word' id='word_1_184' title='bbox 1161 331 1293 372; x_wconf 91' lang='lat' dir='ltr'>tertia</span> <span class='ocrx_word' id='word_1_185' title='bbox 1315 331 1356 371; x_wconf 92' lang='lat' dir='ltr'>se</span> <span class='ocrx_word' id='word_1_186' title='bbox 1378 330 1588 385; x_wconf 90' lang='lat' dir='ltr'>suamque</span> <span class='ocrx_word' id='word_1_187' title='bbox 1618 332 1832 374; x_wconf 87' lang='lat' dir='ltr'>familiam</span> 
     </span>
     <span class='ocr_line' id='line_1_48' title="bbox 1029 387 1833 443; baseline 0.005 -15"><span class='ocrx_word' id='word_1_188' title='bbox 1029 387 1221 430; x_wconf 87' lang='lat' dir='ltr'>alebant.</span> <span class='ocrx_word' id='word_1_189' title='bbox 1283 388 1372 430; x_wconf 90' lang='lat' dir='ltr'>Sed</span> <span class='ocrx_word' id='word_1_190' title='bbox 1396 389 1439 429; x_wconf 94' lang='lat' dir='ltr'>in</span> <span class='ocrx_word' id='word_1_191' title='bbox 1463 389 1634 437; x_wconf 82' lang='lat' dir='ltr'>iustitia,</span> <span class='ocrx_word' id='word_1_192' title='bbox 1657 404 1766 443; x_wconf 90' lang='lat' dir='ltr'>pace</span> <span class='ocrx_word' id='word_1_193' title='bbox 1788 397 1833 432; x_wconf 90' lang='lat' dir='ltr'>et</span> 
     </span>
     <span class='ocr_line' id='line_1_49' title="bbox 1027 446 1833 500; baseline 0.002 -13"><span class='ocrx_word' id='word_1_194' title='bbox 1027 446 1194 500; x_wconf 88' lang='lat' dir='ltr'>gaudio</span> <span class='ocrx_word' id='word_1_195' title='bbox 1225 446 1565 500; x_wconf 86' lang='lat' dir='ltr'>perseuerantes,</span> <span class='ocrx_word' id='word_1_196' title='bbox 1593 461 1704 489; x_wconf 91' lang='lat' dir='ltr'>vnus</span> <span class='ocrx_word' id='word_1_197' title='bbox 1735 454 1833 489; x_wconf 87' lang='lat' dir='ltr'>tan-</span> 
     </span>
     <span class='ocr_line' id='line_1_50' title="bbox 1028 503 1833 559; baseline 0.004 -15"><span class='ocrx_word' id='word_1_198' title='bbox 1028 509 1124 545; x_wconf 89' lang='lat' dir='ltr'>turn</span> <span class='ocrx_word' id='word_1_199' title='bbox 1171 504 1298 545; x_wconf 89' lang='lat' dir='ltr'>dolor</span> <span class='ocrx_word' id='word_1_200' title='bbox 1347 503 1586 546; x_wconf 87' lang='lat' dir='ltr'>sterilitatis</span> <span class='ocrx_word' id='word_1_201' title='bbox 1627 506 1833 559; x_wconf 86' lang='lat' dir='ltr'>angebat,</span> 
     </span>
     <span class='ocr_line' id='line_1_51' title="bbox 1029 561 1833 616; baseline 0.004 -14"><span class='ocrx_word' id='word_1_202' title='bbox 1029 561 1151 603; x_wconf 90' lang='lat' dir='ltr'>nulla</span> <span class='ocrx_word' id='word_1_203' title='bbox 1191 561 1316 616; x_wconf 90' lang='lat' dir='ltr'>prole</span> <span class='ocrx_word' id='word_1_204' title='bbox 1348 562 1444 616; x_wconf 89' lang='lat' dir='ltr'>post</span> <span class='ocrx_word' id='word_1_205' title='bbox 1479 576 1647 604; x_wconf 91' lang='lat' dir='ltr'>annum</span> <span class='ocrx_word' id='word_1_206' title='bbox 1682 565 1833 605; x_wconf 88' lang='lat' dir='ltr'>matri-</span> 
     </span>
     <span class='ocr_line' id='line_1_52' title="bbox 1029 619 1831 676; baseline 0.004 -16"><span class='ocrx_word' id='word_1_207' title='bbox 1029 619 1164 674; x_wconf 91' lang='lat' dir='ltr'>monij</span> <span class='ocrx_word' id='word_1_208' title='bbox 1181 620 1438 674; x_wconf 83' lang='lat' dir='ltr'>vigefimum</span> <span class='ocrx_word' id='word_1_209' title='bbox 1454 627 1695 675; x_wconf 89' lang='lat' dir='ltr'>procreata,</span> <span class='ocrx_word' id='word_1_210' title='bbox 1712 623 1831 676; x_wconf 92' lang='lat' dir='ltr'>quod</span> 
     </span>
     <span class='ocr_line' id='line_1_53' title="bbox 1029 677 1833 732; baseline 0.004 -14"><span class='ocrx_word' id='word_1_211' title='bbox 1029 684 1158 732; x_wconf 81' lang='lat' dir='ltr'>turpe</span> <span class='ocrx_word' id='word_1_212' title='bbox 1186 684 1230 719; x_wconf 91' lang='lat' dir='ltr'>et</span> <span class='ocrx_word' id='word_1_213' title='bbox 1261 677 1456 719; x_wconf 76' lang='lat' dir='ltr'>infamiae</span> <span class='ocrx_word' id='word_1_214' title='bbox 1489 678 1587 720; x_wconf 90' lang='lat' dir='ltr'>loco</span> <span class='ocrx_word' id='word_1_215' title='bbox 1619 679 1734 721; x_wconf 88' lang='lat' dir='ltr'>inter</span> <span class='ocrx_word' id='word_1_216' title='bbox 1769 681 1833 722; x_wconf 91' lang='lat' dir='ltr'>iu-</span> 
     </span>
     <span class='ocr_line' id='line_1_54' title="bbox 1027 735 1832 791; baseline 0.004 -15"><span class='ocrx_word' id='word_1_217' title='bbox 1027 736 1150 777; x_wconf 80' lang='lat' dir='ltr'>daeos</span> <span class='ocrx_word' id='word_1_218' title='bbox 1199 735 1458 778; x_wconf 83' lang='lat' dir='ltr'>habebatur.</span> <span class='ocrx_word' id='word_1_219' title='bbox 1521 737 1680 791; x_wconf 91' lang='lat' dir='ltr'>Itaque</span> <span class='ocrx_word' id='word_1_220' title='bbox 1732 738 1832 779; x_wconf 91' lang='lat' dir='ltr'>Ioa-</span> 
     </span>
     <span class='ocr_line' id='line_1_55' title="bbox 1028 793 1830 838; baseline 0.004 -4"><span class='ocrx_word' id='word_1_221' title='bbox 1028 793 1184 836; x_wconf 90' lang='lat' dir='ltr'>chinus</span> <span class='ocrx_word' id='word_1_222' title='bbox 1206 808 1306 835; x_wconf 91' lang='lat' dir='ltr'>cum</span> <span class='ocrx_word' id='word_1_223' title='bbox 1337 795 1380 835; x_wconf 93' lang='lat' dir='ltr'>in</span> <span class='ocrx_word' id='word_1_224' title='bbox 1411 794 1518 836; x_wconf 89' lang='lat' dir='ltr'>festo</span> <span class='ocrx_word' id='word_1_225' title='bbox 1547 796 1830 838; x_wconf 90' lang='lat' dir='ltr'>enceniorum</span> 
     </span>
     <span class='ocr_line' id='line_1_56' title="bbox 1031 849 1831 907; baseline 0.004 -15"><span class='ocrx_word' id='word_1_226' title='bbox 1031 851 1348 906; x_wconf 89' lang='lat' dir='ltr'>Ierosolymam</span> <span class='ocrx_word' id='word_1_227' title='bbox 1365 853 1582 894; x_wconf 90' lang='lat' dir='ltr'>adorandi</span> <span class='ocrx_word' id='word_1_228' title='bbox 1598 849 1742 907; x_wconf 79' lang='lat' dir='ltr'>gratia</span> <span class='ocrx_word' id='word_1_229' title='bbox 1757 868 1831 895; x_wconf 93' lang='lat' dir='ltr'>ve-</span> 
     </span>
     <span class='ocr_line' id='line_1_57' title="bbox 1028 910 1831 966; baseline 0.004 -16"><span class='ocrx_word' id='word_1_230' title='bbox 1028 910 1164 959; x_wconf 89' lang='lat' dir='ltr'>nisset,</span> <span class='ocrx_word' id='word_1_231' title='bbox 1177 910 1399 965; x_wconf 91' lang='lat' dir='ltr'>velletque</span> <span class='ocrx_word' id='word_1_232' title='bbox 1417 911 1603 966; x_wconf 86' lang='lat' dir='ltr'>supplex</span> <span class='ocrx_word' id='word_1_233' title='bbox 1618 912 1674 953; x_wconf 91' lang='lat' dir='ltr'>ad</span> <span class='ocrx_word' id='word_1_234' title='bbox 1692 912 1831 953; x_wconf 90' lang='lat' dir='ltr'>altare</span> 
     </span>
     <span class='ocr_line' id='line_1_58' title="bbox 1027 968 1831 1023; baseline 0.004 -14"><span class='ocrx_word' id='word_1_235' title='bbox 1027 968 1099 1009; x_wconf 92' lang='lat' dir='ltr'>dei</span> <span class='ocrx_word' id='word_1_236' title='bbox 1142 981 1301 1009; x_wconf 89' lang='lat' dir='ltr'>munus</span> <span class='ocrx_word' id='word_1_237' title='bbox 1334 969 1502 1018; x_wconf 86' lang='lat' dir='ltr'>offerre,</span> <span class='ocrx_word' id='word_1_238' title='bbox 1538 970 1732 1023; x_wconf 91' lang='lat' dir='ltr'>repulsus</span> <span class='ocrx_word' id='word_1_239' title='bbox 1770 970 1831 1012; x_wconf 90' lang='lat' dir='ltr'>est</span> 
     </span>
     <span class='ocr_line' id='line_1_59' title="bbox 1027 1026 1831 1082; baseline 0.002 -15"><span class='ocrx_word' id='word_1_240' title='bbox 1027 1026 1084 1067; x_wconf 92' lang='lat' dir='ltr'>ab</span> <span class='ocrx_word' id='word_1_241' title='bbox 1108 1026 1308 1067; x_wconf 88' lang='lat' dir='ltr'>Isachare</span> <span class='ocrx_word' id='word_1_242' title='bbox 1330 1026 1554 1068; x_wconf 90' lang='lat' dir='ltr'>sacerdote</span> <span class='ocrx_word' id='word_1_243' title='bbox 1575 1041 1675 1068; x_wconf 88' lang='lat' dir='ltr'>cum</span> <span class='ocrx_word' id='word_1_244' title='bbox 1706 1028 1831 1082; x_wconf 86' lang='lat' dir='ltr'>igno-</span> 
     </span>
     <span class='ocr_line' id='line_1_60' title="bbox 1027 1084 1832 1140; baseline 0.005 -16"><span class='ocrx_word' id='word_1_245' title='bbox 1027 1084 1174 1134; x_wconf 90' lang='lat' dir='ltr'>minia,</span> <span class='ocrx_word' id='word_1_246' title='bbox 1217 1085 1335 1138; x_wconf 78' lang='lat' dir='ltr'>quasl</span> <span class='ocrx_word' id='word_1_247' title='bbox 1378 1085 1584 1140; x_wconf 85' lang='lat' dir='ltr'>indignus</span> <span class='ocrx_word' id='word_1_248' title='bbox 1626 1086 1740 1136; x_wconf 86' lang='lat' dir='ltr'>esset,</span> <span class='ocrx_word' id='word_1_249' title='bbox 1772 1087 1832 1128; x_wconf 94' lang='lat' dir='ltr'>ob</span> 
     </span>
     <span class='ocr_line' id='line_1_61' title="bbox 1026 1141 1832 1197; baseline 0.005 -15"><span class='ocrx_word' id='word_1_250' title='bbox 1026 1141 1206 1196; x_wconf 86' lang='lat' dir='ltr'>longam</span> <span class='ocrx_word' id='word_1_251' title='bbox 1257 1142 1540 1192; x_wconf 90' lang='lat' dir='ltr'>sterilitatem,</span> <span class='ocrx_word' id='word_1_252' title='bbox 1582 1144 1657 1197; x_wconf 90' lang='lat' dir='ltr'>qui</span> <span class='ocrx_word' id='word_1_253' title='bbox 1708 1158 1832 1186; x_wconf 90' lang='lat' dir='ltr'>more</span> 
     </span>
     <span class='ocr_line' id='line_1_62' title="bbox 1026 1200 1833 1254; baseline 0.002 -13"><span class='ocrx_word' id='word_1_254' title='bbox 1026 1207 1201 1254; x_wconf 89' lang='lat' dir='ltr'>patrum</span> <span class='ocrx_word' id='word_1_255' title='bbox 1243 1207 1288 1242; x_wconf 90' lang='lat' dir='ltr'>et</span> <span class='ocrx_word' id='word_1_256' title='bbox 1338 1200 1646 1243; x_wconf 86' lang='lat' dir='ltr'>foecundorum</span> <span class='ocrx_word' id='word_1_257' title='bbox 1688 1201 1833 1243; x_wconf 89' lang='lat' dir='ltr'>homi-</span> 
     </span>
     <span class='ocr_line' id='line_1_63' title="bbox 1027 1258 1830 1303; baseline 0.004 -4"><span class='ocrx_word' id='word_1_258' title='bbox 1027 1272 1133 1299; x_wconf 91' lang='lat' dir='ltr'>num</span> <span class='ocrx_word' id='word_1_259' title='bbox 1175 1258 1232 1300; x_wconf 90' lang='lat' dir='ltr'>ad</span> <span class='ocrx_word' id='word_1_260' title='bbox 1273 1273 1375 1300; x_wconf 90' lang='lat' dir='ltr'>eum</span> <span class='ocrx_word' id='word_1_261' title='bbox 1410 1259 1556 1300; x_wconf 89' lang='lat' dir='ltr'>locum</span> <span class='ocrx_word' id='word_1_262' title='bbox 1589 1261 1830 1303; x_wconf 87' lang='lat' dir='ltr'>accederet.</span> 
     </span>
     <span class='ocr_line' id='line_1_64' title="bbox 1027 1315 1830 1370; baseline 0.005 -14"><span class='ocrx_word' id='word_1_263' title='bbox 1027 1315 1129 1370; x_wconf 82' lang='lat' dir='ltr'>Qua</span> <span class='ocrx_word' id='word_1_264' title='bbox 1170 1317 1341 1370; x_wconf 93' lang='lat' dir='ltr'>repulsa</span> <span class='ocrx_word' id='word_1_265' title='bbox 1390 1317 1681 1359; x_wconf 74' lang='lat' dir='ltr'>moestissimus</span> <span class='ocrx_word' id='word_1_266' title='bbox 1731 1319 1830 1360; x_wconf 89' lang='lat' dir='ltr'>Ioa-</span> 
     </span>
     <span class='ocr_line' id='line_1_65' title="bbox 1026 1375 1828 1430; baseline 0.004 -16"><span class='ocrx_word' id='word_1_267' title='bbox 1026 1375 1193 1424; x_wconf 92' lang='lat' dir='ltr'>chinus,</span> <span class='ocrx_word' id='word_1_268' title='bbox 1227 1389 1308 1415; x_wconf 89' lang='lat' dir='ltr'>nec</span> <span class='ocrx_word' id='word_1_269' title='bbox 1339 1375 1482 1417; x_wconf 83' lang='lat' dir='ltr'>serens</span> <span class='ocrx_word' id='word_1_270' title='bbox 1522 1389 1613 1429; x_wconf 83' lang='lat' dir='ltr'>prae</span> <span class='ocrx_word' id='word_1_271' title='bbox 1645 1376 1828 1430; x_wconf 91' lang='lat' dir='ltr'>pudore,</span> 
     </span>
     <span class='ocr_line' id='line_1_66' title="bbox 1027 1431 1829 1487; baseline 0.002 -14"><span class='ocrx_word' id='word_1_272' title='bbox 1027 1431 1200 1474; x_wconf 91' lang='lat' dir='ltr'>suorum</span> <span class='ocrx_word' id='word_1_273' title='bbox 1237 1433 1400 1474; x_wconf 90' lang='lat' dir='ltr'>ciuium</span> <span class='ocrx_word' id='word_1_274' title='bbox 1443 1431 1739 1487; x_wconf 62' lang='lat' dir='ltr'>conspectum,</span> <span class='ocrx_word' id='word_1_275' title='bbox 1771 1434 1829 1476; x_wconf 91' lang='lat' dir='ltr'>ad</span> 
     </span>
     <span class='ocr_line' id='line_1_67' title="bbox 1027 1490 1829 1546; baseline 0.002 -15"><span class='ocrx_word' id='word_1_276' title='bbox 1027 1490 1177 1531; x_wconf 90' lang='lat' dir='ltr'>caulas</span> <span class='ocrx_word' id='word_1_277' title='bbox 1195 1490 1366 1532; x_wconf 82' lang='lat' dir='ltr'>seceffit.</span> <span class='ocrx_word' id='word_1_278' title='bbox 1429 1491 1511 1533; x_wconf 86' lang='lat' dir='ltr'>Cui</span> <span class='ocrx_word' id='word_1_279' title='bbox 1541 1491 1636 1546; x_wconf 87' lang='lat' dir='ltr'>post</span> <span class='ocrx_word' id='word_1_280' title='bbox 1658 1492 1829 1546; x_wconf 87' lang='lat' dir='ltr'>aliquot</span> 
     </span>
     <span class='ocr_line' id='line_1_68' title="bbox 1027 1548 1828 1603; baseline 0.004 -14"><span class='ocrx_word' id='word_1_281' title='bbox 1027 1548 1121 1589; x_wconf 90' lang='lat' dir='ltr'>dies</span> <span class='ocrx_word' id='word_1_282' title='bbox 1137 1562 1238 1589; x_wconf 91' lang='lat' dir='ltr'>cum</span> <span class='ocrx_word' id='word_1_283' title='bbox 1260 1549 1506 1603; x_wconf 87' lang='lat' dir='ltr'>pastoribus</span> <span class='ocrx_word' id='word_1_284' title='bbox 1522 1551 1828 1598; x_wconf 83' lang='lat' dir='ltr'>commoranti,</span> 
     </span>
     <span class='ocr_line' id='line_1_69' title="bbox 1027 1607 1830 1660; baseline 0.004 -13"><span class='ocrx_word' id='word_1_285' title='bbox 1027 1613 1071 1648; x_wconf 93' lang='lat' dir='ltr'>et</span> <span class='ocrx_word' id='word_1_286' title='bbox 1104 1607 1306 1660; x_wconf 90' lang='lat' dir='ltr'>precibus</span> <span class='ocrx_word' id='word_1_287' title='bbox 1347 1608 1521 1649; x_wconf 82' lang='lat' dir='ltr'>affiduis</span> <span class='ocrx_word' id='word_1_288' title='bbox 1552 1621 1578 1648; x_wconf 92' lang='lat' dir='ltr'>a</span> <span class='ocrx_word' id='word_1_289' title='bbox 1609 1608 1695 1649; x_wconf 93' lang='lat' dir='ltr'>deo</span> <span class='ocrx_word' id='word_1_290' title='bbox 1726 1622 1830 1650; x_wconf 90' lang='lat' dir='ltr'>con-</span> 
     </span>
     <span class='ocr_line' id='line_1_70' title="bbox 1027 1665 1830 1720; baseline 0.001 -14"><span class='ocrx_word' id='word_1_291' title='bbox 1027 1665 1242 1714; x_wconf 86' lang='lat' dir='ltr'>tendenti,</span> <span class='ocrx_word' id='word_1_292' title='bbox 1288 1671 1335 1707; x_wconf 89' lang='lat' dir='ltr'>vt</span> <span class='ocrx_word' id='word_1_293' title='bbox 1385 1679 1485 1706; x_wconf 90' lang='lat' dir='ltr'>eam</span> <span class='ocrx_word' id='word_1_294' title='bbox 1536 1679 1562 1707; x_wconf 90' lang='lat' dir='ltr'>a</span> <span class='ocrx_word' id='word_1_295' title='bbox 1613 1666 1655 1707; x_wconf 92' lang='lat' dir='ltr'>se</span> <span class='ocrx_word' id='word_1_296' title='bbox 1705 1667 1830 1720; x_wconf 86' lang='lat' dir='ltr'>igno-</span> 
     </span>
     <span class='ocr_line' id='line_1_71' title="bbox 1029 1723 1830 1778; baseline 0.005 -16"><span class='ocrx_word' id='word_1_297' title='bbox 1029 1723 1210 1764; x_wconf 91' lang='lat' dir='ltr'>miniam</span> <span class='ocrx_word' id='word_1_298' title='bbox 1262 1723 1504 1778; x_wconf 88' lang='lat' dir='ltr'>depelleret</span> <span class='ocrx_word' id='word_1_299' title='bbox 1555 1724 1740 1778; x_wconf 86' lang='lat' dir='ltr'>angelus</span> <span class='ocrx_word' id='word_1_300' title='bbox 1789 1725 1830 1766; x_wconf 93' lang='lat' dir='ltr'>se</span> 
     </span>
     <span class='ocr_line' id='line_1_72' title="bbox 1027 1780 1827 1836; baseline 0.004 -15"><span class='ocrx_word' id='word_1_301' title='bbox 1027 1780 1229 1832; x_wconf 89' lang='lat' dir='ltr'>ostendit,</span> <span class='ocrx_word' id='word_1_302' title='bbox 1260 1788 1305 1822; x_wconf 93' lang='lat' dir='ltr'>et</span> <span class='ocrx_word' id='word_1_303' title='bbox 1342 1783 1461 1823; x_wconf 93' lang='lat' dir='ltr'>bono</span> <span class='ocrx_word' id='word_1_304' title='bbox 1499 1783 1650 1824; x_wconf 91' lang='lat' dir='ltr'>animo</span> <span class='ocrx_word' id='word_1_305' title='bbox 1686 1782 1827 1836; x_wconf 91' lang='lat' dir='ltr'>ipsum</span> 
     </span>
     <span class='ocr_line' id='line_1_73' title="bbox 1027 1838 1830 1894; baseline 0.004 -15"><span class='ocrx_word' id='word_1_306' title='bbox 1027 1838 1112 1880; x_wconf 90' lang='lat' dir='ltr'>esse</span> <span class='ocrx_word' id='word_1_307' title='bbox 1143 1839 1311 1889; x_wconf 90' lang='lat' dir='ltr'>iubens,</span> <span class='ocrx_word' id='word_1_308' title='bbox 1343 1853 1494 1894; x_wconf 92' lang='lat' dir='ltr'>preces</span> <span class='ocrx_word' id='word_1_309' title='bbox 1530 1841 1623 1881; x_wconf 90' lang='lat' dir='ltr'>eius</span> <span class='ocrx_word' id='word_1_310' title='bbox 1655 1841 1830 1882; x_wconf 86' lang='lat' dir='ltr'>auditas</span> 
     </span>
     <span class='ocr_line' id='line_1_74' title="bbox 1027 1897 1830 1952; baseline 0.001 -14"><span class='ocrx_word' id='word_1_311' title='bbox 1027 1897 1111 1938; x_wconf 91' lang='lat' dir='ltr'>esse</span> <span class='ocrx_word' id='word_1_312' title='bbox 1133 1911 1159 1938; x_wconf 92' lang='lat' dir='ltr'>a</span> <span class='ocrx_word' id='word_1_313' title='bbox 1187 1897 1272 1938; x_wconf 93' lang='lat' dir='ltr'>deo</span> <span class='ocrx_word' id='word_1_314' title='bbox 1295 1898 1582 1947; x_wconf 89' lang='lat' dir='ltr'>renunciauit,</span> <span class='ocrx_word' id='word_1_315' title='bbox 1605 1898 1830 1952; x_wconf 86' lang='lat' dir='ltr'>filiamque</span> 
     </span>
     <span class='ocr_line' id='line_1_75' title="bbox 1026 1955 1831 2009; baseline 0.004 -14"><span class='ocrx_word' id='word_1_316' title='bbox 1026 1955 1359 2008; x_wconf 88' lang='lat' dir='ltr'>procreandam,</span> <span class='ocrx_word' id='word_1_317' title='bbox 1380 1968 1481 2009; x_wconf 89' lang='lat' dir='ltr'>quae</span> <span class='ocrx_word' id='word_1_318' title='bbox 1512 1956 1647 2005; x_wconf 85' lang='lat' dir='ltr'>Sarae,</span> <span class='ocrx_word' id='word_1_319' title='bbox 1671 1962 1715 1997; x_wconf 92' lang='lat' dir='ltr'>et</span> <span class='ocrx_word' id='word_1_320' title='bbox 1740 1957 1831 1998; x_wconf 81' lang='lat' dir='ltr'>Ra-</span> 
     </span>
     <span class='ocr_line' id='line_1_76' title="bbox 1026 2012 1831 2067; baseline 0.004 -15"><span class='ocrx_word' id='word_1_321' title='bbox 1026 2012 1161 2053; x_wconf 91' lang='lat' dir='ltr'>chelis</span> <span class='ocrx_word' id='word_1_322' title='bbox 1184 2012 1353 2065; x_wconf 90' lang='lat' dir='ltr'>prolem</span> <span class='ocrx_word' id='word_1_323' title='bbox 1383 2013 1576 2067; x_wconf 87' lang='lat' dir='ltr'>mysterij</span> <span class='ocrx_word' id='word_1_324' title='bbox 1607 2015 1831 2067; x_wconf 83' lang='lat' dir='ltr'>magnitu-</span> 
     </span>
     <span class='ocr_line' id='line_1_77' title="bbox 1025 2069 1830 2125; baseline 0.004 -15"><span class='ocrx_word' id='word_1_325' title='bbox 1025 2070 1129 2111; x_wconf 93' lang='lat' dir='ltr'>dine</span> <span class='ocrx_word' id='word_1_326' title='bbox 1151 2069 1382 2123; x_wconf 83' lang='lat' dir='ltr'>superaret.</span> <span class='ocrx_word' id='word_1_327' title='bbox 1440 2070 1541 2124; x_wconf 81' lang='lat' dir='ltr'>Qua</span> <span class='ocrx_word' id='word_1_328' title='bbox 1564 2071 1636 2125; x_wconf 92' lang='lat' dir='ltr'>spe</span> <span class='ocrx_word' id='word_1_329' title='bbox 1657 2071 1830 2113; x_wconf 66' lang='lat' dir='ltr'>erectus</span> 
     </span>
     <span class='ocr_line' id='line_1_78' title="bbox 1026 2127 1831 2181; baseline 0.004 -13"><span class='ocrx_word' id='word_1_330' title='bbox 1026 2127 1237 2181; x_wconf 80' lang='lat' dir='ltr'>laetusque</span> <span class='ocrx_word' id='word_1_331' title='bbox 1275 2128 1512 2169; x_wconf 88' lang='lat' dir='ltr'>Ioachinus</span> <span class='ocrx_word' id='word_1_332' title='bbox 1548 2129 1732 2171; x_wconf 90' lang='lat' dir='ltr'>domum</span> <span class='ocrx_word' id='word_1_333' title='bbox 1765 2144 1831 2171; x_wconf 88' lang='lat' dir='ltr'>re-</span> 
     </span>
     <span class='ocr_line' id='line_1_79' title="bbox 1025 2186 1827 2241; baseline 0.005 -15"><span class='ocrx_word' id='word_1_334' title='bbox 1025 2192 1193 2239; x_wconf 90' lang='lat' dir='ltr'>petens,</span> <span class='ocrx_word' id='word_1_335' title='bbox 1214 2186 1341 2227; x_wconf 85' lang='lat' dir='ltr'>vxori</span> <span class='ocrx_word' id='word_1_336' title='bbox 1363 2186 1576 2235; x_wconf 88' lang='lat' dir='ltr'>obuiauit,</span> <span class='ocrx_word' id='word_1_337' title='bbox 1597 2201 1697 2241; x_wconf 68' lang='lat' dir='ltr'>quae</span> <span class='ocrx_word' id='word_1_338' title='bbox 1726 2202 1827 2229; x_wconf 88' lang='lat' dir='ltr'>cum</span> 
     </span>
     <span class='ocr_line' id='line_1_80' title="bbox 1025 2243 1828 2300; baseline 0.005 -16"><span class='ocrx_word' id='word_1_339' title='bbox 1025 2243 1064 2284; x_wconf 89' lang='lat' dir='ltr'>ei</span> <span class='ocrx_word' id='word_1_340' title='bbox 1106 2257 1284 2297; x_wconf 89' lang='lat' dir='ltr'>quoque</span> <span class='ocrx_word' id='word_1_341' title='bbox 1324 2244 1591 2298; x_wconf 87' lang='lat' dir='ltr'>apparuisset</span> <span class='ocrx_word' id='word_1_342' title='bbox 1630 2245 1828 2300; x_wconf 85' lang='lat' dir='ltr'>angelus,</span> 
     </span>
     <span class='ocr_line' id='line_1_81' title="bbox 1025 2301 1829 2358; baseline 0.004 -16"><span class='ocrx_word' id='word_1_343' title='bbox 1025 2301 1273 2355; x_wconf 90' lang='lat' dir='ltr'>eademque</span> <span class='ocrx_word' id='word_1_344' title='bbox 1306 2302 1559 2353; x_wconf 86' lang='lat' dir='ltr'>nunciasset,</span> <span class='ocrx_word' id='word_1_345' title='bbox 1590 2302 1723 2357; x_wconf 89' lang='lat' dir='ltr'>plena</span> <span class='ocrx_word' id='word_1_346' title='bbox 1756 2304 1829 2358; x_wconf 89' lang='lat' dir='ltr'>spe</span> 
     </span>
     <span class='ocr_line' id='line_1_82' title="bbox 1025 2359 1828 2415; baseline 0.005 -16"><span class='ocrx_word' id='word_1_347' title='bbox 1025 2365 1070 2400; x_wconf 89' lang='lat' dir='ltr'>et</span> <span class='ocrx_word' id='word_1_348' title='bbox 1110 2359 1275 2412; x_wconf 87' lang='lat' dir='ltr'>gaudio</span> <span class='ocrx_word' id='word_1_349' title='bbox 1308 2359 1364 2401; x_wconf 90' lang='lat' dir='ltr'>ad</span> <span class='ocrx_word' id='word_1_350' title='bbox 1400 2360 1560 2402; x_wconf 90' lang='lat' dir='ltr'>marito</span> <span class='ocrx_word' id='word_1_351' title='bbox 1591 2368 1828 2415; x_wconf 88' lang='lat' dir='ltr'>congratu-</span> 
     </span>
     <span class='ocr_line' id='line_1_83' title="bbox 1025 2416 1827 2471; baseline 0.004 -13"><span class='ocrx_word' id='word_1_352' title='bbox 1025 2416 1207 2458; x_wconf 83' lang='lat' dir='ltr'>landum</span> <span class='ocrx_word' id='word_1_353' title='bbox 1264 2418 1542 2471; x_wconf 88' lang='lat' dir='ltr'>properabat.</span> <span class='ocrx_word' id='word_1_354' title='bbox 1619 2417 1827 2461; x_wconf 88' lang='lat' dir='ltr'>Salutant</span> 
     </span>
     <span class='ocr_line' id='line_1_84' title="bbox 1025 2475 1827 2529; baseline 0.005 -14"><span class='ocrx_word' id='word_1_355' title='bbox 1025 2475 1157 2529; x_wconf 85' lang='lat' dir='ltr'>igitur</span> <span class='ocrx_word' id='word_1_356' title='bbox 1178 2475 1292 2516; x_wconf 90' lang='lat' dir='ltr'>inter</span> <span class='ocrx_word' id='word_1_357' title='bbox 1322 2475 1362 2516; x_wconf 94' lang='lat' dir='ltr'>se</span> <span class='ocrx_word' id='word_1_358' title='bbox 1388 2489 1488 2516; x_wconf 89' lang='lat' dir='ltr'>cum</span> <span class='ocrx_word' id='word_1_359' title='bbox 1519 2476 1720 2518; x_wconf 84' lang='lat' dir='ltr'>maxima</span> <span class='ocrx_word' id='word_1_360' title='bbox 1753 2477 1827 2519; x_wconf 84' lang='lat' dir='ltr'>lae-</span> 
     </span>
     <span class='ocr_line' id='line_1_85' title="bbox 1023 2532 1825 2588; baseline 0.004 -15"><span class='ocrx_word' id='word_1_361' title='bbox 1023 2533 1134 2582; x_wconf 84' lang='lat' dir='ltr'>titia,</span> <span class='ocrx_word' id='word_1_362' title='bbox 1169 2539 1214 2574; x_wconf 93' lang='lat' dir='ltr'>et</span> <span class='ocrx_word' id='word_1_363' title='bbox 1246 2532 1346 2581; x_wconf 91' lang='lat' dir='ltr'>visa,</span> <span class='ocrx_word' id='word_1_364' title='bbox 1381 2533 1541 2588; x_wconf 88' lang='lat' dir='ltr'>deique</span> <span class='ocrx_word' id='word_1_365' title='bbox 1572 2535 1825 2588; x_wconf 85' lang='lat' dir='ltr'>promissum</span> 
     </span>
     <span class='ocr_line' id='line_1_86' title="bbox 1023 2590 1826 2640; baseline 0.005 -9"><span class='ocrx_word' id='word_1_366' title='bbox 1023 2590 1312 2640; x_wconf 83' lang='lat' dir='ltr'>conferentes,</span> <span class='ocrx_word' id='word_1_367' title='bbox 1328 2591 1512 2632; x_wconf 89' lang='lat' dir='ltr'>domum</span> <span class='ocrx_word' id='word_1_368' title='bbox 1536 2599 1826 2636; x_wconf 88' lang='lat' dir='ltr'>reuertuntur.</span> 
     </span>
     <span class='ocr_line' id='line_1_87' title="bbox 1024 2648 1827 2703; baseline 0.001 -12"><span class='ocrx_word' id='word_1_369' title='bbox 1024 2648 1242 2702; x_wconf 90' lang='lat' dir='ltr'>Concepit</span> <span class='ocrx_word' id='word_1_370' title='bbox 1265 2649 1399 2703; x_wconf 85' lang='lat' dir='ltr'>igitur</span> <span class='ocrx_word' id='word_1_371' title='bbox 1412 2649 1547 2691; x_wconf 89' lang='lat' dir='ltr'>Anna</span> <span class='ocrx_word' id='word_1_372' title='bbox 1564 2649 1716 2691; x_wconf 89' lang='lat' dir='ltr'>diuino</span> <span class='ocrx_word' id='word_1_373' title='bbox 1734 2665 1827 2692; x_wconf 91' lang='lat' dir='ltr'>mu-</span> 
     </span>
     <span class='ocr_line' id='line_1_88' title="bbox 1023 2706 1826 2761; baseline 0.002 -14"><span class='ocrx_word' id='word_1_374' title='bbox 1023 2720 1137 2756; x_wconf 88' lang='lat' dir='ltr'>nere,</span> <span class='ocrx_word' id='word_1_375' title='bbox 1170 2706 1382 2761; x_wconf 84' lang='lat' dir='ltr'>sextoque</span> <span class='ocrx_word' id='word_1_376' title='bbox 1416 2707 1514 2748; x_wconf 89' lang='lat' dir='ltr'>idus</span> <span class='ocrx_word' id='word_1_377' title='bbox 1549 2707 1826 2761; x_wconf 85' lang='lat' dir='ltr'>Septembris</span> 
     </span>
     <span class='ocr_line' id='line_1_89' title="bbox 1025 2765 1828 2819; baseline 0.004 -14"><span class='ocrx_word' id='word_1_378' title='bbox 1025 2765 1215 2806; x_wconf 90' lang='lat' dir='ltr'>Mariam</span> <span class='ocrx_word' id='word_1_379' title='bbox 1268 2765 1452 2819; x_wconf 87' lang='lat' dir='ltr'>peperit,</span> <span class='ocrx_word' id='word_1_380' title='bbox 1493 2779 1593 2819; x_wconf 80' lang='lat' dir='ltr'>quae</span> <span class='ocrx_word' id='word_1_381' title='bbox 1639 2772 1686 2807; x_wconf 90' lang='lat' dir='ltr'>vt</span> <span class='ocrx_word' id='word_1_382' title='bbox 1730 2766 1828 2809; x_wconf 89' lang='lat' dir='ltr'>Eua</span> 
     </span>
     <span class='ocr_line' id='line_1_90' title="bbox 1025 2821 1826 2877; baseline 0.004 -14"><span class='ocrx_word' id='word_1_383' title='bbox 1025 2822 1231 2864; x_wconf 88' lang='lat' dir='ltr'>maritum</span> <span class='ocrx_word' id='word_1_384' title='bbox 1255 2822 1311 2863; x_wconf 90' lang='lat' dir='ltr'>ad</span> <span class='ocrx_word' id='word_1_385' title='bbox 1340 2821 1595 2877; x_wconf 81' lang='lat' dir='ltr'>peccatum⁶</span> <span class='ocrx_word' id='word_1_386' title='bbox 1616 2823 1826 2874; x_wconf 88' lang='lat' dir='ltr'>alliciens,</span> 
     </span>
    </p>
   </div>
   <div class='ocr_carea' id='block_1_15' title="bbox 1095 2914 1521 3009">
    <p class='ocr_par' dir='ltr' id='par_1_17' title="bbox 1095 2914 1521 3009">
     <span class='ocr_line' id='line_1_91' title="bbox 1095 2914 1354 2950; baseline -0.004 0"><span class='ocrx_word' id='word_1_387' title='bbox 1095 2914 1108 2936; x_wconf 88' lang='lat'><strong>⁴</strong></span> <span class='ocrx_word' id='word_1_388' title='bbox 1134 2914 1194 2950; x_wconf 89' lang='lat' dir='ltr'>die</span> <span class='ocrx_word' id='word_1_389' title='bbox 1211 2915 1232 2950; x_wconf 94' lang='lat'>8</span> <span class='ocrx_word' id='word_1_390' title='bbox 1250 2915 1291 2950; x_wconf 82' lang='lat' dir='ltr'>ln</span> <span class='ocrx_word' id='word_1_391' title='bbox 1309 2926 1354 2950; x_wconf 86' lang='lat' dir='ltr'>m.</span> 
     </span>
     <span class='ocr_line' id='line_1_92' title="bbox 1095 2962 1521 3009; baseline 0 -12"><span class='ocrx_word' id='word_1_392' title='bbox 1095 2962 1109 2983; x_wconf 75' lang='lat'>⁵</span> <span class='ocrx_word' id='word_1_393' title='bbox 1134 2962 1367 3009; x_wconf 86' lang='lat' dir='ltr'>peccandum</span> <span class='ocrx_word' id='word_1_394' title='bbox 1393 2974 1399 2997; x_wconf 88' lang='lat'>:</span> <span class='ocrx_word' id='word_1_395' title='bbox 1420 2962 1457 2997; x_wconf 84' lang='lat' dir='ltr'>P.</span> <span class='ocrx_word' id='word_1_396' title='bbox 1478 2963 1521 2997; x_wconf 72' lang='lat' dir='ltr'>A.</span> 
     </span>
    </p>
   </div>
  </div>
 </body>
</html>
