2066 3392
622 256 876 290 DOMJNJCA
911 256 982 289 AD
1012 256 1085 289 MA
1096 256 1130 288 Τ
1130 256 1167 291 U
1169 257 1202 289 T
1195 256 1260 289 IN
1260 256 1345 290 UM.
1809 256 1826 286 1

161 877 212 924 (I
235 874 501 930 Pstzlterium
522 872 766 927 dispositum
789 871 834 913 in
855 869 956 916 dies,

212 941 254 976 et
277 934 406 976 horas
435 932 583 974 ordine
608 945 689 985 quo
711 936 848 971 totum
863 928 958 982 fin-

205 992 330 1046 gulis
366 989 640 1033 hebdomadis
682 987 846 1030 dicitur
878 993 962 1040 per

213 1057 348 1093 totum
368 1062 546 1092 annum.

161 1151 216 1199 (I
251 1151 494 1195 Dominica.
553 1149 636 1192 Ad
683 1147 961 1191 matutinum.

409 1208 619 1263 Psalmus
639 1219 688 1250 .1.

225 1520 255 1522 Ἴ
306 1520 312 1521 ⁷
385 1477 387 1502 ζ
448 1495 658 1549 Psalmus
678 1507 728 1549 .9.

238 1565 473 1610 Onfitebor
515 1564 596 1607 tibi
642 1563 961 1606 domine...h0-

267 1638 341 1667 mo
362 1623 488 1679 super
507 1629 681 1665 terram.

400 1714 610 1769 Psalmus
630 1726 663 1756 ,Ι
673 1724 711 1768 7.

169 1783 415 1867 DIligam
456 1791 501 1826 te
534 1784 717 1851 domine
748 1782 962 1850 fortitudo

281 1842 591 1885 mea...sem1ni
623 1856 717 1884 eius
752 1841 887 1896 vsque
917 1855 960 1882 1n

163 1900 368 1943 seculum.

165 2002 219 2049 (I
247 2004 437 2059 Sequens
450 2004 634 2058 hymnus
647 2003 812 2045 dicitur
811 2002 965 2059 finitis

161 2063 303 2106 tribus
331 2062 579 2105 Ιεέῖιοηὶὐιιε
606 2062 670 2103 ad
695 2061 962 2103 matutinum

153 2130 236 2177 per
268 2126 403 2163 totum
442 2134 639 2162 annum:
671 2126 964 2185 proeterquaffn

161 2179 208 2222 in
248 2178 450 2227 aduentu,
494 2184 536 2220 et
574 2177 620 2219 'a
659 2177 875 2219 domimca
917 2177 963 2219 in

149 2238 201 2292 s
191 2236 386 2292 ptuages
389 2234 480 2278 ma
507 2235 635 2289 vsque
659 2235 722 2277 ad
733 2234 905 2290 pascha,
925 2242 967 2277 et

159 2295 292 2338 etiam
328 2301 428 2336 tunc
460 2293 624 2335 dicitur
645 2292 691 2347 fi
722 2300 886 2347 agatur
914 2293 968 2335 de

159 2353 306 2408 aliquo
314 2352 477 2406 sancto.
536 2351 752 2405 Hymnus.

245 2432 284 2474 E
305 2433 437 2474 deum
463 2430 698 2473 laudamus
722 2444 731 2472 :
753 2437 797 2473 te
824 2431 967 2473 domi-

273 2503 378 2532 num
400 2489 671 2532 confitemur.

221 2548 287 2591 Te
330 2554 546 2590 aeternum
594 2553 767 2602 patrem
818 2548 965 2589 omnis

160 2613 277 2648 terra
298 2612 541 2648 veneratur.

219 2664 321 2706 Tibi
362 2677 519 2705 omnes
551 2663 711 2717 angeli,
742 2663 822 2706 tibi
856 2662 967 2713 caeli,

161 2727 205 2764 et
226 2721 435 2764 vniuersae
457 2720 706 2776 potestates.

217 2779 319 2822 Tibi
341 2779 562 2829 cherubin,
579 2785 624 2821 et
645 2778 843 2833 seraphin
866 2795 875 2822 :
902 2780 964 2821 in-

160 2836 351 2880 cessabili
372 2851 481 2880 voce
502 2836 791 2892 proclamant.

231 2925 281 2949 ¹·¹
306 2927 359 2963 sic
386 2927 429 2962 R.
457 2938 497 2961 m
523 2930 654 2963 textu.-
680 2927 747 2962 sed
767 2928 809 2962 in
835 2927 967 2963 tabula

160 2978 370 3010 erratorum
393 2985 476 3009 cum
497 2974 534 3009 P.
553 2978 589 3009 et
612 2974 655 3009 A.
675 2985 698 3010 a
715 2974 809 3010 feria
830 2982 965 3021 quarta

162 3021 339 3058 cinerum.
405 3020 480 3055 loco
498 3032 520 3056 a
541 3021 582 3055 R.
601 3020 709 3056 habet
725 3019 801 3067 ad.]

231 3067 381 3113 ²parac
398 3074 521 3104 itum:
541 3069 583 3103 R.
612 3068 876 3114 paraclytum.
900 3069 936 3103 P

282 3147 316 3178 ιι.
335 3146 378 3179 N.
431 3142 469 3194 ζ’
496 3141 504 3156 '

1086 865 1286 911 Saneius.
1368 864 1570 909 SanGtus.
1596 858 1602 865 ⁸
1643 863 1833 909 Samstus

1027 926 1235 968 dominus
1255 926 1366 967 deus
1388 924 1582 967 sabaoth.

1088 984 1209 1026 Pleni
1242 983 1339 1026 sunt
1370 983 1479 1033 caeli,
1507 988 1552 1025 et
1583 989 1699 1025 terra
1740 994 1833 1023 ma-

1028 1041 1191 1084 iestatis
1211 1042 1364 1096 gloriae
1386 1048 1487 1084 tuae.

1085 1101 1152 1142 Te
1172 1099 1384 1155 gloriosus
1409 1098 1707 1154 apostolorum
1729 1097 1834 1140 cho-

1029 1171 1114 1200 rus.

1087 1216 1154 1258 Te
1220 1215 1534 1270 prophetarum
1601 1213 1836 1257 laudabilis

1030 1287 1250 1315 numerus.

1088 1331 1154 1373 Te
1183 1337 1428 1385 martyrum
1457 1331 1723 1373 candidatus
1744 1329 1837 1372 lau-

1029 1390 1108 1431 dat
1129 1389 1360 1431 exercitus.

1088 1447 1155 1489 Te
1176 1460 1255 1502 per
1274 1447 1426 1489 orbem
1453 1452 1668 1489 terrarum
1691 1443 1838 1489 santsta

1030 1505 1267 1547 confitetur
1287 1504 1476 1554 ecclesia,

1090 1564 1266 1605 Patrem
1289 1562 1514 1604 immensae
1537 1562 1788 1604 maiestatis

1087 1621 1404 1663 Venerandum
1426 1627 1552 1663 tuum
1574 1633 1728 1664 verum
1759 1634 1768 1663 :
1793 1626 1839 1662 et

1030 1680 1207 1721 vnicum
1230 1678 1382 1728 filium,

1090 1734 1306 1780 Santstum
1338 1750 1516 1792 quoque
1544 1735 1841 1792 paracletum²

1032 1795 1243 1850 spiritum.

1089 1854 1158 1895 Tu
1181 1867 1261 1895 rex
1282 1852 1436 1907 gloriae
1458 1851 1630 1894 christe.

1088 1911 1160 1953 Tu
1182 1911 1320 1966 patris
1337 1910 1628 1966 sempiternus
1644 1924 1691 1952 es
1713 1909 1840 1952 filius.

1089 1969 1159 2011 Tu
1182 1969 1239 2011 ad
1265 1968 1543 2011 liberandum
1566 1968 1840 2023 suscepturus

1032 2026 1257 2069 hominem
1289 2043 1298 2069 z
1322 2041 1411 2069 non
1436 2026 1637 2068 horruisti
1659 2026 1840 2082 virginis

1032 2091 1217 2127 vterum.

1091 2143 1161 2184 Tu
1187 2139 1364 2185 (1ευίἂο
1385 2142 1540 2184 mortis
1561 2141 1716 2184 aculeo
1737 2155 1842 2196 ape—

1033 2200 1151 2243 ruisti
1168 2200 1449 2242 credentibus
1465 2213 1602 2254 regna
1618 2200 1840 2242 caelorum.

1092 2258 1163 2300 Tu
1190 2259 1247 2300 ad
1277 2258 1511 2300 dexteram
1541 2258 1613 2300 dei
1641 2257 1764 2301 sedes
1795 2258 1839 2300 in

1035 2315 1175 2370 gloria
1196 2316 1346 2370 patris.

1096 2374 1242 2416 Iudex
1264 2373 1452 2415 crederis
1474 2373 1558 2415 esse
1579 2379 1803 2415 venturus.

1093 2431 1161 2473 Te
1189 2445 1295 2486 ergo
1318 2431 1568 2487 quaesurnus
1590 2431 1678 2473 tuis
1700 2431 1843 2474 famu-

1035 2488 1110 2531 lis⁸
1131 2489 1312 2531 subueni
1346 2505 1355 2531 ε
1382 2503 1495 2544 quos
1521 2489 1718 2545 precioso
1747 2489 1842 2532 san-

1033 2548 1168 2603 guine
1190 2547 1419 2589 redemisti.

1095 2606 1262 2647 Eterna
1301 2607 1370 2647 fac
1411 2619 1511 2647 curn
1554 2604 1713 2648 fanestis
1754 2605 1842 2649 tuis

1033 2663 1174 2719 gloria
1196 2662 1448 2706 munerari⁴.

1094 2720 1279 2764 Saluum
1332 2721 1400 2764 sac
1450 2720 1665 2776 populum
1714 2727 1838 2764 tuum

1034 2780 1228 2832 domine,
1268 2786 1313 2821 et
1357 2780 1544 2822 benedic
1590 2779 1841 2823 haereditati

1033 2844 1134 2880 tuae.

1105 2926 1120 2949 ³
1143 2927 1294 2963 famulis
1312 2927 1385 2963 tuis
1409 2939 1416 2963 :
1437 2928 1476 2963 P.

1105 2974 1118 2997 ⁴
1143 2975 1181 3010 in
1199 2975 1319 3020 gloria
1337 2974 1525 3010 numerari
1550 2986 1557 3010 :
1576 2974 1615 3010 P.

1141 3022 1180 3057 in
1198 3021 1316 3068 gloria
1333 3022 1520 3058 munerari
1545 3034 1552 3058 ε
1570 3023 1615 3058 Α.
