2066 3392
863 203 1140 239 AUGUSTUS.
1766 202 1844 245 147

168 284 374 334 ruisset,et
384 284 547 326 multas
555 284 756 338 regiones
769 283 972 324 docendo

167 349 211 383 et
252 343 536 397 praedicando
587 341 811 390 lustrasset,
855 353 973 382 anno

170 400 327 442 Christi
358 401 451 445 nati
479 399 734 453 .M.ccxxiij.
761 398 974 440 Bononiae

169 457 287 512 (quae
327 459 431 500 vrbs
473 458 534 499 est
587 457 730 498 Italiae
771 455 974 508 celebris)

169 517 299 557 nonis
334 516 524 569 Augusti
562 530 588 556 a
621 516 712 556 vita
749 514 971 569 migrauit.

170 573 317 628 Quem
355 573 505 628 postea
547 573 787 627 Gregorius
829 585 972 613 nonus

170 631 320 673 retulit
360 631 403 672 in
447 645 679 672 numerum
722 628 971 671 sanGtorum

169 690 227 730 ob
249 689 369 731 edita
391 689 615 741 miracula,
635 695 680 730 et
695 689 834 730 vitam
853 688 972 729 sanc-

168 748 324 789 tissime
344 747 522 802 gestam.

493 871 654 914 Oratio.

178 958 368 1043 DEus,
427 957 502 1012 qui
562 956 785 998 ecclesiam
847 961 970 996 tuam

294 1016 412 1057 beati
456 1015 679 1056 Dominici
721 1013 972 1056 confessoris

169 1074 234 1116 tui
256 1073 503 1115 illuminare
524 1074 733 1127 dignatus
755 1070 821 1113 es²
844 1070 972 1112 meri-

170 1133 228 1173 tis
268 1138 313 1173 et
349 1130 562 1173 dofftrinis
599 1146 607 1171 :
644 1130 838 1172 concede
879 1143 887 1171 :
924 1135 972 1170 vt

169 1191 264 1231 eius
300 1190 600 1231 intercessione
630 1186 973 1242 temporalibus²

170 1261 258 1289 non
281 1247 542 1289 destituatur
563 1246 742 1299 auxilijs
764 1261 772 1287 :
791 1252 834 1287 et
853 1245 973 1299 spiri-

170 1305 364 1348 tualibus
401 1305 571 1359 semper
600 1304 804 1359 proficiat
835 1303 972 1345 incre-

171 1364 333 1405 mentis
360 1379 368 1406 :
389 1377 477 1418 per.

170 1501 216 1548 ΙΙ
234 1499 288 1542 X
288 1498 392 1555 zstus
407 1498 464 1554 ,1j.
475 1505 603 1598 psspat
615 1503 795 1575 ⁸maarz'yr.
828 1496 975 1539 LeHio

535 1571 583 1598 er
604 1570 648 1597 za
673 1588 682 1598 .

174 1641 394 1726 XYstus
417 1642 632 1684 secundus
647 1655 776 1696 papa,
792 1641 973 1683 natione

304 1714 487 1755 graecus,
530 1701 673 1756 patria
709 1700 973 1741 atheniensis

170 1773 230 1800 ex
275 1758 538 1814 philosopho
583 1757 740 1800 Christi
786 1757 972 1812 discipu-

171 1817 239 1859 lus
308 1815 462 1867 saftus,
530 1816 737 1857 saeuiente
806 1813 974 1857 adhuc⁴

171 1874 393 1916 valeriana
421 1873 732 1929 persecutione,
755 1873 864 1915 sedit
895 1887 973 1914 an-

171 1946 253 1975 nos
293 1933 418 1982 duos,
458 1931 628 1973 menses
668 1932 836 1979 decem,
879 1932 974 1973 dies

171 2005 220 2032 .V.
248 1996 293 2031 et
319 2004 411 2031 .ΧΧ.
475 1989 563 2043 Qui
594 1989 821 2030 accusatus
852 1990 972 2043 quod

173 2047 330 2091 Christi
370 2047 504 2089 fidem
537 2053 692 2088 contra
724 2047 973 2101 principum

171 2106 351 2148 decreta
400 2105 672 2159 praedicaret,
722 2104 974 2158 captusque,

172 2163 230 2205 ad
287 2163 444 2204 Martis
499 2162 688 2204 trahitur
744 2161 975 2216 templum,

172 2220 393 2276 proposita
430 2219 504 2262 nisi
548 2220 682 2261 Marti
718 2219 976 2260 sacrificaret

172 2278 352 2333 capitali
385 2291 530 2332 poena.
551 2290 685 2331 quam
707 2282 858 2318 tamen
888 2276 976 2331 ipse

174 2335 402 2379 Constanti
431 2335 582 2376 animo
614 2335 831 2390 impietati
864 2348 976 2388 prae-

173 2394 284 2436 tulit.
361 2393 475 2435 Cum
527 2393 661 2447 igitur
707 2392 763 2433 ad
816 2391 976 2446 suppli-

172 2452 288 2493 cium
326 2450 558 2492 duceretur
598 2449 894 2504 interpellanti
936 2449 978 2491 se

175 2509 414 2552 Laurentio
448 2514 492 2550 et
524 2508 700 2557 dicenti,
739 2507 841 2561 Quo
877 2520 977 2562 pro-

175 2566 370 2620 grederis
418 2565 504 2606 sine
549 2566 639 2607 filio
681 2565 838 2619 pater?
888 2579 977 2619 quo

174 2624 374 2666 sacerdos
424 2623 594 2678 optime
644 2623 730 2664 sine
782 2623 977 2664 ministro

173 2681 414 2736 properas?
477 2681 732 2736 Respondit,
760 2681 862 2721 Non
893 2694 977 2734 ego

171 2746 217 2781 te
257 2738 407 2780 desero
447 2738 520 2780 fili.
584 2738 755 2779 Maiora
796 2745 977 2780 manent

173 2803 216 2839 te
262 2810 342 2852 pro
389 2795 543 2838 Christi
592 2795 678 2837 fide
724 2796 977 2845 certamina,

245 2922 255 2946 ¹
282 2930 339 2959 est
363 2935 370 2959 z
392 2925 429 2959 l‘.

242 2969 256 2992 ²
281 2970 510 3017 temporibus
532 2982 539 3005 :
562 2970 599 3005 Ρ.

242 3017 256 3038 ⁸
281 3017 342 3053 die
359 3018 392 3052 ‚8
410 3018 450 3052 in
470 3029 515 3052 m.

1037 281 1134 336 post
1161 282 1356 323 triduum
1387 295 1458 323 me
1487 281 1689 336 sequeris,
1710 282 1845 324 sacer-

1036 341 1190 381 dotem
1247 340 1393 381 leuita.
1470 341 1654 381 Interim
1705 340 1842 394 fiquid

1037 398 1079 438 in
1128 398 1340 439 thesauris
1382 397 1533 447 habes,
1574 398 1843 452 pauperibus

1037 456 1258 497 distribue.
1343 456 1516 497 Eodem
1579 455 1712 509 igitur
1771 456 1844 497 die

1037 528 1139 555 cum
1182 513 1324 568 Xysto
1358 513 1533 555 diaconi
1568 513 1643 554 sex
1678 514 1843 555 interfi-

1037 573 1213 613 ciuntur
1254 571 1550 622 Feliciffimus,
1588 571 1843 625 Agapytus,

1039 630 1281 680 Ianuarius,
1317 630 1522 683 Magnus,
1555 630 1843 671 Innocentius

1039 688 1307 742 Stephanus,
1369 688 1634 742 Eodemque
1695 687 1844 728 triduo

1040 746 1306 787 Laurentius
1328 746 1418 800 igni
1436 746 1718 786 comburitur.
1763 745 1843 787 Se-

1038 804 1189 858 pultus
1218 810 1367 846 autem
1398 803 1458 845 est
1487 803 1654 858 Xystus
1682 803 1725 844 in
1754 817 1842 845 coe-

1041 862 1223 903 meterio
1272 861 1423 904 Calisti
1466 863 1538 903 via
1580 861 1734 916 Appia
1775 861 1841 915 ,vj.

1039 919 1159 961 idus⁵
1179 920 1379 974 Augusti.

1037 1046 1082 1092 (I
1147 1043 1417 1086 Laurentius
1471 1050 1644 1097 φιιανζγν
1688 1043 1846 1098 duplex

1063 1102 1220 1144 minus.
1280 1102 1362 1143 Ad
1388 1102 1588 1155 vesperas.
1653 1100 1818 1144 Oratio.

1046 1176 1175 1259 DA
1204 1178 1332 1220 nobis
1361 1177 1611 1232 quaesumus
1640 1177 1843 1231 omnipo-

1158 1242 1258 1277 tens
1291 1236 1401 1277 deus
1433 1235 1641 1276 vitiorum
1678 1234 1845 1276 nostro-

1039 1307 1135 1334 rum
1178 1293 1382 1335 flammas
1423 1293 1687 1346 extinguere
1722 1306 1732 1334 ε
1767 1293 1842 1347 qui

1038 1352 1170 1393 beato
1190 1352 1430 1393 Laurentio
1447 1350 1631 1393 tribuisti
1649 1356 1844 1392 tormen-

1038 1416 1184 1451 torum
1202 1410 1379 1451 suorum
1402 1409 1606 1450 incendia
1622 1408 1845 1463 superare:

1038 1482 1127 1523 per.

1062 1592 1146 1634 Ad
1171 1591 1438 1634 matutinum
1469 1591 1819 1634 Imtz‘tatorimn‘.

1097 1669 1262 1710 Beatus
1280 1667 1546 1709 Laurentius
1558 1666 1714 1710 Christi
1730 1681 1845 1708 mar-

1037 1733 1110 1781 tyr
1124 1725 1370 1780 triumphat
1383 1732 1622 1767 coronatus
1636 1725 1681 1766 in
1695 1725 1819 1766 coelis
1835 1741 1844 1767 :

1036 1785 1184 1826 venite
1226 1784 1463 1825 adoremus
1502 1782 1723 1826 Christum
1765 1784 1845 1825 do-

1039 1843 1222 1884 minum.

1281 1968 1427 2009 Lemo
1458 1967 1600 2010 tertia.

1114 2043 1336 2085 Aeuiente
1363 2042 1508 2084 adhuc
1530 2041 1770 2084 Valeriana
1799 2042 1843 2083 in

1133 2101 1404 2144 Christianos
1426 2099 1726 2155 persecutione
1744 2113 1844 2154 quae

1040 2159 1122 2201 suit
1154 2158 1249 2213 post
1282 2159 1506 2200 Neronem
1539 2155 1712 2207 octaua,
1742 2171 1844 2199 cum

1043 2217 1309 2259 Laurentius
1327 2216 1506 2257 natione
1523 2215 1730 2269 hispanus
1750 2215 1846 2269 Xy-

1042 2275 1152 2316 stum
1205 2287 1368 2328 papam
1421 2279 1675 2327 martyrem,
1720 2273 1844 2315 cuius

1040 2339 1134 2374 erat
1163 2331 1339 2386 pietatis
1365 2330 1632 2372 chariffimus
1658 2331 1846 2385 discipu-

1042 2390 1122 2439 lus,
1147 2391 1190 2431 in
1219 2389 1395 2430 vincula
1423 2386 1673 2430 conithum
1702 2389 1847 2430 visita-

1042 2454 1119 2498 ret,
1152 2447 1282 2488 iussus
1318 2446 1374 2488 ab
1408 2460 1461 2487 eo
1493 2446 1564 2495 est,
1596 2452 1643 2488 vt
1679 2460 1845 2501 paupe-

1043 2506 1160 2547 ribus
1190 2505 1332 2559 primo
1354 2518 1532 2558 quoque
1554 2511 1755 2558 tempore
1780 2505 1845 2545 di-

1043 2564 1268 2605 stribueret
1284 2561 1718 2610 thesauros,eccles1ae
1733 2575 1845 2616 quos

1042 2621 1236 2663 haberet.
1298 2619 1431 2674 Quod
1476 2620 1741 2661 Laurentius
1779 2620 1846 2661 di-

1042 2680 1229 2733 ligenter
1259 2684 1487 2727 executus,
1519 2691 1619 2718 cum
1655 2677 1844 2731 Xystum

1043 2738 1212 2779 videret
1249 2737 1305 2777 ad
1344 2736 1604 2788 martyrium
1642 2735 1845 2783 abstrahi,

1043 2794 1138 2850 post
1174 2808 1274 2835 eum
1312 2794 1546 2844 clamabat,
1581 2793 1684 2847 Quo
1720 2800 1846 2847 pater

1112 2919 1124 2942 ⁴
1150 2920 1308 2955 deciana
1326 2924 1361 2954 ct
1382 2918 1491 2953 meld.
1513 2919 1555 2953 R.
1578 2918 1615 2952 P.
1636 2917 1680 2953 Α.

1112 2967 1127 2989 ⁵
1152 2967 1211 3002 vii.
1232 2967 1314 3002 idus
1339 2978 1346 3000 :
1367 2966 1409 2999 R.
1433 2966 1469 3000 P.
1490 2965 1533 2999 A.

1113 3014 1127 3035 ⁰
1152 3014 1212 3049 die
1236 3024 1277 3048 10
1294 3013 1334 3047 in
1353 3024 1399 3047 m.

1595 3087 1728 3116 10—2
