2066 3392
238 156 315 208 138

231 247 320 302 ipse
333 248 407 290 fibi
426 248 571 291 sedem
588 247 875 291 Antiochiam
891 248 1036 304 elegit.

231 306 319 348 Sed
337 307 434 361 post
451 307 754 362 episcopatum
777 307 1036 349 antiochen-

229 364 280 405 fis
303 365 490 406 ecclefiae
513 371 557 407 et
578 366 927 419 predicationem
953 365 1037 406 dis-

231 422 438 476 perfionis
471 437 634 474 eorum,
670 423 746 477 qui
778 424 834 464 de
868 423 1037 464 circun-

231 480 389 522 cifione
439 482 728 530 crediderant,
783 481 827 522 in
882 482 1037 530 Ponto,

234 537 422 589 Galatia,
476 539 772 593 Cappadocia,
826 538 946 590 Afia,
992 544 1036 579 et

234 596 456 650 Bithynia,
488 597 676 638 secundo
709 596 883 649 Claudij
917 610 1036 637 anno

233 654 488 695 admonitus
565 654 591 695 a
663 654 811 708 spiritu
888 652 1037 694 sancto

236 712 428 753 Romam
452 712 660 765 migrauit
688 712 744 753 ad
773 713 1038 753 conuincen-

233 770 341 810 dum
376 770 607 811 Simonem
636 784 817 823 magum
851 785 859 811 :
891 776 935 811 et
965 784 1038 811 ve-

234 841 328 868 ram
380 828 514 868 fidem
563 829 892 869 enunciandum
942 843 951 868 :
993 828 1036 868 in

234 899 374 939 eaque
395 886 512 936 vrbe,
530 900 629 939 quae
651 891 785 939 caput
806 885 923 926 orbis
945 891 1039 926 erat

235 943 457 984 ecclefiam
496 944 830 985 moderandum.
894 944 1039 986 Simo-

235 1002 302 1042 nis
334 1015 439 1055 ergo
471 1000 659 1043 difiectis
691 1001 895 1050 tenebris,
923 1001 1038 1042 frau-

235 1059 448 1113 dibusque
462 1058 676 1101 conuifitis
692 1073 717 1100 a
733 1060 875 1108 Petro,
889 1059 1039 1100 lumen

235 1117 355 1158 verbi
377 1118 449 1158 dei
474 1118 666 1159 Romam
697 1123 741 1158 et
765 1117 942 1158 Italiam
966 1131 1039 1158 eo-

236 1175 339 1216 dem
366 1174 546 1217 auctore
579 1175 768 1216 multum
801 1175 1040 1216 illustraue-

235 1240 314 1283 rat,
337 1247 438 1274 cum
463 1233 625 1274 Paulus
647 1231 820 1274 vinctus
844 1234 1037 1274 Romam

235 1292 494 1345 deportatur
511 1291 699 1332 secundo
717 1291 892 1332 neronis
910 1305 1040 1341 anno,

234 1349 466 1403 postquam
518 1349 798 1403 euangelium
851 1363 952 1390 cum
995 1349 1038 1389 in

237 1407 379 1460 Syria,
423 1407 540 1458 Asia,
580 1413 678 1448 tum
722 1407 946 1461 praecipue
994 1407 1039 1448 in

238 1465 410 1507 Graecia
426 1465 558 1519 Vsque
580 1465 636 1506 ad
662 1464 859 1519 Illyriam
882 1465 1040 1518 praedi-

237 1523 379 1564 casset.
436 1523 573 1565 Cuius
595 1524 802 1573 aduentu,
826 1529 870 1564 et
892 1536 1038 1576 opera,

237 1594 402 1634 magna
442 1595 557 1622 verae
608 1581 789 1634 pietatis
840 1586 885 1621 et
935 1580 1038 1621 fidei

238 1639 418 1680 accesfio
440 1637 556 1680 sacta
584 1639 644 1679 est
676 1639 719 1679 in
742 1639 848 1680 vrbe
882 1639 1040 1686 Roma,

240 1703 285 1737 et
310 1696 452 1746 Italia,
475 1696 753 1750 occiduisque
775 1696 1040 1749 regionibus,

241 1755 331 1797 Sed
357 1754 513 1796 vltimo
546 1755 737 1795 Neronis
768 1768 886 1795 anno
919 1754 1041 1794 saeui-

239 1819 341 1853 ente
369 1813 413 1853 in
446 1813 713 1855 Christianos
743 1811 1041 1866 persecutione

242 1870 396 1911 Petrus
446 1877 491 1912 et
537 1870 697 1912 Paulus
738 1870 868 1923 capti,
910 1869 1041 1910 morti

240 1928 475 1969 traduntur
495 1929 652 1969 eodem
675 1928 746 1969 die
764 1928 807 1968 id
830 1927 890 1968 est
911 1927 1042 1968 tertio

241 1986 449 2027 calendas
473 1986 586 2039 Iulij.
636 1987 791 2027 Petrus
813 1986 930 2026 enim
948 1999 1041 2026 cru-

241 2045 279 2085 ci
311 2045 471 2085 affixus
509 2044 569 2085 est
602 2044 748 2097 capite
781 2043 838 2084 ad
879 2049 1042 2084 terram

239 2103 373 2152 verso,
407 2102 526 2156 quod
564 2102 618 2143 fic
654 2102 745 2143 fieri
778 2101 1043 2155 impetrauit,

241 2161 429 2202 asserens
476 2161 517 2202 se
558 2160 791 2213 indignum
832 2159 928 2207 esse,
968 2159 1043 2212 qui

242 2219 400 2259 eodem
424 2218 570 2267 modo,
589 2232 678 2272 quo
702 2218 799 2258 suus
822 2217 1042 2266 dominus,

242 2276 581 2330 crucifigeretur.
642 2275 804 2317 Paulus
835 2289 940 2316 vero
971 2288 1045 2315 ca-

243 2335 334 2388 pite
367 2340 607 2383 truncatus,
640 2334 762 2374 cuius
799 2346 957 2386 corpus
1000 2333 1043 2372 in

243 2393 315 2432 via
352 2391 534 2434 Ostienfi
570 2391 788 2445 sepultum
822 2390 894 2441 est,
928 2390 1045 2431 Petri

241 2464 346 2491 vero
367 2450 411 2490 in
433 2450 666 2491 Vaticano.

245 2544 289 2589 (I
332 2541 683 2584 commemoratio
717 2540 859 2581 Pauli
891 2539 1048 2593 duplex

301 2599 457 2640 minus.
498 2599 580 2640 Ad
598 2598 863 2639 matutinum
881 2598 1045 2639 inuita-

301 2657 458 2698 terium
475 2663 517 2697 et
533 2656 740 2709 Hymnus
759 2656 811 2696 de
830 2655 1048 2696 communi

299 2714 339 2755 A
338 2714 606 2768 postolorum.
668 2713 815 2755 Lefflz'o
836 2712 995 2755 tcrtia¹.

249 2794 471 2877 PAulus
522 2801 652 2836 extra
693 2808 924 2836 numerum
967 2793 1042 2847 xij.

345 2852 566 2906 apostolus
589 2866 677 2894 non
700 2853 756 2894 ab
777 2852 1043 2902 hominibus,

313 2983 324 3005 ¹
352 2983 411 3019 die
430 2994 474 3028 30
492 2985 532 3018 in
550 2996 595 3019 m.

978 173 1003 204 I
1005 172 1099 206 UNI
1100 172 1167 205 US.

1108 262 1188 290 nec
1211 262 1288 302 per
1308 246 1547 298 hominem,
1569 247 1641 289 sed
1663 261 1741 302 per
1764 246 1907 289 Iesum

1110 306 1329 348 Christum
1346 311 1391 347 et
1413 305 1544 347 deum
1568 311 1753 359 patrem,
1770 318 1907 359 quum

1108 365 1212 405 esset
1246 365 1290 404 in
1326 363 1503 404 ecclefia
1535 363 1803 412 Anffiochiae,
1834 362 1908 404 vbi

1106 423 1292 463 aderant
1314 421 1542 475 prophetae
1565 428 1609 462 et
1631 419 1847 470 do&ores‚
1863 426 1908 461 et

1106 480 1150 520 in
1183 479 1251 520 his
1287 479 1513 520 Barnabas
1549 485 1594 520 et
1628 478 1795 528 Simon,
1831 477 1907 532 qui

1105 537 1348 578 vocabatur
1370 537 1519 590 Niger,
1536 543 1580 577 et
1604 537 1768 577 Lucius
1785 549 1908 589 cyre-

1106 595 1258 645 nensis,
1299 600 1343 635 et
1394 594 1648 644 Manahem,
1688 594 1763 647 qui
1813 599 1908 635 erat

1110 653 1303 694 Herodis
1334 652 1566 693 tetrarchae
1597 650 1907 701 collactaneus,

1108 710 1452 751 ministrantibus
1503 710 1587 750 illis
1628 710 1822 758 domino,
1862 714 1907 750 et

1107 768 1403 809 ieiunantibus
1431 767 1548 808 dixit
1585 767 1756 821 spiritus
1788 767 1908 808 sanc-

1108 833 1191 876 tus,
1227 826 1469 879 Segregate
1502 824 1609 866 mihi
1644 825 1829 867 Saulum
1862 830 1907 865 et

1109 884 1359 925 Barnabam
1389 884 1432 924 in
1463 897 1586 937 opus,
1610 883 1666 923 ad
1695 882 1816 936 quod
1844 882 1909 923 as-

1108 941 1263 995 sumpsi
1287 955 1372 983 eos.
1429 941 1558 982 Tunc
1580 941 1840 989 ieiunantes,
1863 946 1909 982 et

1108 1005 1298 1048 orantes,
1327 998 1691 1053 imponentesque
1724 999 1786 1039 eis
1815 1011 1908 1039 ma-

1109 1071 1191 1098 nus
1231 1057 1490 1098 dimiserunt
1531 1056 1640 1097 illos.
1723 1056 1782 1096 Et
1824 1055 1901 1109 ips1

1108 1115 1288 1169 quidem
1339 1115 1446 1156 missi
1489 1113 1514 1155 a
1561 1114 1709 1168 spiritu
1761 1111 1909 1154 saneto

1108 1173 1312 1214 abierunt
1330 1172 1590 1221 Seleuciam,
1607 1178 1650 1213 et
1668 1171 1771 1212 inde
1788 1171 1910 1212 naui-

1107 1237 1324 1283 gauerunt
1342 1231 1538 1284 Cyprum
1557 1236 1600 1271 et
1617 1243 1753 1283 quum
1771 1229 1910 1270 venis-

1108 1289 1202 1330 sent
1265 1289 1552 1337 Salaminam,
1609 1287 1911 1341 praedicabant

1107 1347 1290 1388 verbum
1313 1347 1383 1388 dei
1407 1347 1451 1386 in
1475 1345 1710 1399 synagogis
1733 1345 1907 1386 Iudaeo-

1107 1418 1214 1446 rum.
1279 1404 1522 1445 Habebant
1539 1410 1688 1444 autem
1711 1408 1756 1444 et
1779 1403 1909 1444 Ioan-

1107 1476 1209 1503 nem
1251 1462 1295 1502 in
1337 1462 1582 1503 ministerio.
1671 1461 1732 1502 Et
1771 1473 1908 1514 quum
1950 1505 1952 1507 ,

1107 1520 1478 1574 perambulassent
1512 1518 1759 1560 vniuersam
1797 1517 1909 1559 insu-

1109 1578 1198 1619 lam
1229 1578 1362 1631 vsque
1394 1578 1450 1618 ad
1485 1577 1698 1631 Paphum,
1729 1576 1910 1617 inuene-

1108 1642 1209 1677 runt
1259 1636 1482 1689 quendam
1534 1635 1677 1676 virum
1725 1646 1906 1687 magum

1108 1693 1539 1747 pseudoprophetam
1588 1692 1792 1732 Iudaeum
1838 1691 1908 1732 cui

1109 1765 1271 1792 nomen
1294 1757 1387 1792 erat
1410 1751 1577 1799 Barieu,
1601 1763 1701 1790 cum
1724 1762 1910 1803 procon-

1109 1809 1198 1850 sule
1222 1809 1375 1862 Sergio
1398 1808 1534 1849 Paulo
1562 1808 1656 1849 viro
1678 1807 1908 1861 prudente.

1113 1867 1201 1908 Hic
1223 1866 1436 1908 accersitis
1466 1865 1670 1906 Barnaba
1691 1871 1736 1906 et
1758 1864 1908 1913 Paulo,

1110 1925 1402 1978 desyderabat
1431 1925 1583 1965 audire
1609 1923 1794 1964 verbum
1823 1922 1906 1964 dei.

1112 1982 1353 2024 Resistebat
1393 1988 1542 2023 autem
1594 1981 1680 2021 illis
1722 1979 1908 2034 Elymas

1111 2054 1280 2094 magus,
1320 2053 1521 2094 quaerens
1562 2045 1759 2080 auertere
1809 2051 1910 2092 pro-

1109 2098 1330 2139 consulem
1363 2112 1389 2138 a
1418 2097 1514 2139 fide.
1576 2096 1736 2138 Saulus
1757 2102 1907 2137 autem

1110 2157 1185 2210 qui
1227 2162 1271 2197 et
1309 2155 1469 2197 Paulus
1505 2154 1699 2209 repletus
1741 2153 1908 2207 Spiritu

1112 2212 1261 2255 saneto
1293 2215 1469 2254 intuens
1501 2213 1543 2253 in
1577 2226 1677 2253 eum
1709 2211 1838 2261 dixit,
1867 2210 1908 2254 O

1111 2273 1241 2326 plene
1262 2272 1383 2312 omni
1405 2271 1509 2312 dolo
1526 2276 1570 2311 et
1587 2269 1707 2311 omni
1725 2269 1909 2318 fallacia,

1112 2330 1171 2370 fili
1204 2329 1380 2378 diaboli,
1414 2329 1589 2369 inimice
1620 2327 1764 2368 omnis
1795 2326 1911 2368 iusti-

1112 2388 1198 2438 tiae,
1231 2401 1319 2428 non
1351 2387 1508 2428 desinis
1541 2385 1788 2426 subuertere
1817 2385 1912 2426 vias

1113 2445 1281 2486 domini
1324 2443 1475 2485 rectas.
1552 2444 1611 2484 Et
1652 2456 1770 2483 nunc
1810 2455 1912 2483 ecce

1112 2517 1268 2545 manus
1299 2502 1468 2544 domini
1506 2502 1632 2555 super
1667 2506 1724 2552 te,
1747 2505 1793 2541 et
1823 2500 1907 2541 eris

1112 2575 1266 2610 caecus,
1302 2574 1389 2601 non
1427 2559 1582 2600 videns
1614 2558 1748 2599 solem
1779 2557 1912 2611 vsque

1113 2620 1170 2661 ad
1195 2625 1381 2672 tempus.
1424 2617 1484 2658 Et
1505 2616 1731 2658 confestim
1753 2615 1912 2656 cecidit

1114 2677 1158 2718 in
1181 2690 1280 2718 eum
1304 2675 1446 2728 caligo
1468 2681 1512 2716 et
1541 2674 1746 2722 tenebrae,
1767 2679 1812 2714 et
1832 2673 1913 2714 cir-

1114 2733 1285 2775 cuiens²
1298 2733 1536 2787 quaerebat,
1552 2732 1626 2785 qui
1641 2731 1715 2772 fibi
1731 2743 1911 2771 manum

1113 2793 1251 2833 daret.
1313 2791 1414 2844 Quo
1444 2790 1534 2831 viso
1565 2787 1794 2843 proconsul
1821 2801 1912 2829 cre·

1114 2850 1237 2899 didit,
1256 2855 1300 2890 et
1316 2848 1547 2889 conuersus
1569 2846 1640 2889 est.
1690 2843 1912 2888 Profectus

1184 2980 1197 3002 ²
1222 2980 1443 3016 circumiens
1465 2991 1471 3014 :
1493 2980 1530 3015 P.
1546 2979 1589 3014 A.
