2066 3392
240 191 319 233 142

231 275 377 319 Maria
401 276 672 331 Magdalena
694 278 737 319 in
755 277 908 333 primis
926 278 1037 319 cele-

231 334 394 384 bratur,
415 336 471 376 de
492 350 580 389 qua
602 342 752 378 tamen
783 350 871 377 non
899 350 1038 390 parua

231 392 292 434 est
323 391 666 435 do&iffimorum
694 400 738 435 et
768 395 1037 448 grauisfimo-

231 463 327 491 rum
364 451 557 493 virorum
591 452 895 501 controuerfia,
927 451 1037 506 Qui-

230 507 413 550 busdam
465 522 533 550 res
576 509 746 563 aliquas
787 509 940 563 gestas,
981 511 1038 551 de

230 566 391 618 quibus
413 567 473 608 est
495 568 538 608 in
562 567 806 621 euangelio,
824 568 880 609 ad
902 581 1035 609 vnam

231 624 459 665 mulierem
531 625 833 677 referentibus,
904 624 1036 677 Alijs,

229 695 417 735 quorum
459 682 520 724 est
561 683 832 736 probabilior
872 683 1035 736 opinio,

229 740 286 780 ad
309 745 411 790 tres,
433 740 496 781 Vt
517 755 605 782 vna
632 741 682 781 s1t
712 741 856 781 Maria
879 741 1036 781 Lazari

231 803 275 838 et
299 798 489 839 Marthae
512 798 639 848 soror,
653 812 752 852 quae
774 799 910 839 biduo
933 805 1037 840 ante

232 854 390 896 Christi
437 857 674 910 passionem
720 857 764 896 in
809 857 945 897 domo
987 857 1037 897 s1-

230 914 373 954 monis
410 913 564 968 leprosi
600 914 865 955 alabastrum
896 928 1036 968 vngu-

229 972 319 1012 enti
342 972 534 1026 praeciosl
566 973 721 1013 effudit
748 972 874 1026 super
901 978 1037 1026 caput

229 1029 386 1071 Christi
409 1031 717 1079 recumbentis,
739 1036 783 1071 et
805 1043 905 1084 quae
927 1031 1035 1071 dum

229 1087 409 1128 Martha
446 1088 628 1142 sollicite
665 1102 841 1129 coenam
876 1087 1035 1142 hospiti

228 1144 302 1186 suo
353 1145 658 1199 discipulisque
708 1151 896 1200 pararet,
944 1145 1035 1199 ipsa

228 1202 447 1245 Christum
490 1204 661 1246 intento
700 1205 850 1245 animo
881 1204 1034 1245 sedens

227 1262 284 1302 ad
311 1263 446 1316 pedes
473 1263 565 1303 eius
597 1262 817 1312 audiebat,
846 1261 1032 1315 figuram

226 1333 383 1372 gerens
397 1320 499 1361 vitae
517 1319 926 1374 contemplantium.
950 1319 1032 1360 Al-

225 1383 320 1418 tera
360 1378 417 1419 de
462 1392 550 1432 qua
593 1378 737 1419 Lucas
777 1377 832 1418 fic
873 1377 1031 1418 scribit.

228 1435 345 1476 Ecce
376 1436 544 1485 mulier,
577 1450 678 1490 quae
717 1442 811 1477 erat
847 1436 890 1476 in
927 1436 1032 1476 ciui-

226 1498 320 1534 tate
342 1495 582 1547 peccatrix,
603 1500 650 1535 vt
677 1495 888 1547 cognouit
909 1494 1029 1547 quod

229 1551 348 1592 Iesus
372 1552 578 1593 accubuit
607 1553 651 1592 in
674 1553 809 1593 domo
831 1551 1030 1606 pharisaei

225 1609 374 1650 attulit
415 1609 679 1650 alabastrum
720 1610 934 1663 vnguenti
986 1615 1030 1650 et

226 1666 342 1708 stans
374 1674 489 1709 retro
518 1668 637 1708 secus
668 1668 806 1721 pedes
839 1668 943 1714 eius,
968 1667 1029 1708 la-

225 1725 420 1779 chrymis
442 1726 578 1780 coepit
601 1726 742 1779 rigare
763 1726 899 1779 pedes
925 1725 1029 1774 eius,

226 1789 270 1824 et
301 1783 471 1837 capillis
511 1784 668 1837 capitis
710 1783 770 1824 sui
813 1783 1028 1837 tergebat,

225 1847 270 1882 et
321 1841 599 1882 osculabatur
647 1842 784 1895 pedes
835 1842 939 1891 eius,
983 1847 1028 1882 et

224 1905 452 1952 vnguento
501 1899 707 1953 vngebat.
768 1899 921 1940 Tertia
971 1899 1027 1939 de

225 1971 314 2011 qua
360 1971 544 1999 marcus.
608 1957 803 2010 Surgens
848 1957 1026 2011 (inquit)

226 2015 345 2056 Iesus
368 2029 498 2056 mane
526 2015 669 2069 prima
691 2015 860 2056 sabbati
892 2028 1029 2069 appa-

225 2074 311 2114 ruit
352 2074 496 2127 primo
548 2073 702 2114 Mariae
745 2073 1028 2127 Magdalenae

225 2132 281 2172 de
298 2145 386 2185 qua
407 2132 595 2173 eiecerat
611 2131 775 2185 septem
793 2131 1026 2181 daemonia,

223 2189 298 2230 illa
318 2190 486 2231 vadens
508 2190 735 2231 nunciauit
752 2188 817 2242 ijs,
832 2190 907 2242 qui
927 2203 1027 2230 cum

224 2261 277 2288 eo
309 2246 495 2298 fuerant,
526 2247 779 2302 lugentibus
810 2254 855 2288 et
885 2246 1030 2288 flenti-

224 2305 318 2346 bus
385 2305 578 2347 Addunt
629 2311 842 2359 praeterea
893 2304 1028 2357 ijdem

225 2361 426 2404 aurstores
471 2377 634 2404 nomen
676 2363 930 2417 peccatricis
971 2363 1028 2404 ab

225 2421 493 2475 euangelista
547 2421 670 2462 fuisse
719 2435 778 2461 ex
819 2420 1029 2462 industria

225 2479 571 2532 praetermissum,
592 2479 859 2532 reliquarum
881 2485 1028 2520 Vtran-

225 2550 312 2590 que
339 2537 527 2578 Mariam
561 2536 878 2590 Magdalenam
908 2537 1029 2577 fuisse

225 2601 540 2648 nuncupatam,
562 2594 746 2635 alteram
774 2595 817 2634 in
842 2593 1029 2635 Galilaea

227 2658 381 2701 ortam,
415 2653 600 2694 alteram
637 2653 680 2692 in
721 2652 885 2693 Iudaea.
945 2653 1027 2694 Vt-

226 2723 398 2763 cunque
430 2710 493 2759 fit,
526 2710 738 2751 traditum
770 2710 830 2751 est
862 2723 887 2750 a
919 2710 1027 2751 mai-

227 2767 376 2808 oribus
450 2767 639 2808 Mariam
711 2767 1027 2821 Magdalenam

227 2825 383 2866 Lazari
406 2825 685 2879 Marthaeque
708 2825 895 2867 sororem
925 2839 1025 2866 cum

297 2954 307 2976 1
334 2954 508 3000 migrauit
533 2967 540 2990 :
560 2957 597 2990 P.
618 2956 661 2990 A.

294 3002 307 3022 ²
333 3002 392 3037 die
411 3011 463 3047 25.
485 3003 524 3036 in
544 3014 589 3037 m.

988 201 1174 236 IULIUS.

1107 279 1205 333 ipsis
1227 285 1271 322 et
1290 280 1541 324 Maximino
1558 282 1738 338 alijsque
1753 282 1911 326 sancffis

1106 337 1361 380 hominibus
1394 340 1490 394 post
1532 341 1691 383 Christi
1733 342 1911 384 ascensi-

1106 409 1249 446 onem,
1279 397 1382 438 naui
1414 398 1458 439 in
1491 412 1578 452 qua
1610 399 1697 441 fine
1727 400 1835 442 velis
1866 405 1911 442 et

1106 454 1238 494 remis
1260 454 1434 497 fuerant
1465 469 1491 497 a
1524 457 1703 506 Iudaeis‚
1722 463 1771 499 vt
1801 471 1910 499 nau-

1106 511 1247 565 fragio
1307 514 1512 566 perirent,
1573 515 1772 569 impofiti,
1824 529 1910 570 ope

1106 569 1259 611 diuina
1291 569 1522 612 Maffiliam
1554 573 1736 614 tandem
1768 573 1909 628 appli-

1105 627 1235 668 cuisse
1305 629 1582 684 eandemque
1641 631 1908 684 potiffimum

1106 684 1437 727 Masfilienssbus
1468 694 1512 728 et
1542 688 1696 729 vicinis
1733 688 1909 743 populis

1105 744 1384 797 euangelium
1426 745 1690 798 praedicasse,
1731 753 1776 788 et
1816 747 1908 801 ple-

1106 800 1246 854 risque
1267 802 1324 843 ad
1348 801 1480 844 fidem
1504 803 1661 845 Christi
1690 804 1909 846 conuersis

1104 858 1148 899 in
1183 859 1416 913 praealtum
1451 868 1649 903 montem
1693 862 1906 913 secessisse,

1105 916 1253 971 ibique
1290 917 1525 959 solitariam
1561 920 1700 961 vitam
1742 919 1907 962 multos

1105 988 1246 1016 annos
1292 976 1553 1030 transegisse,
1595 977 1639 1018 in
1688 977 1906 1032 frequenti

1104 1038 1254 1074 tamen
1272 1033 1532 1087 angelorum
1548 1035 1863 1077 consuetudine
1880 1050 1907 1078 a

1103 1091 1264 1144 quibus
1281 1092 1368 1132 iam
1388 1092 1599 1134 moritura
1620 1093 1664 1134 in
1683 1093 1905 1135 ecclesiam

1102 1149 1219 1190 vrbis
1256 1145 1474 1203 Aquensis
1510 1151 1633 1191 cuius
1666 1157 1760 1193 erat
1797 1151 1906 1206 epis-

1103 1220 1242 1260 copus
1282 1206 1455 1249 san&us
1497 1208 1787 1260 Maximinus,
1829 1210 1904 1251 de-

1103 1271 1280 1319 portata
1298 1265 1427 1306 suerit
1448 1265 1520 1306 vbi
1543 1273 1726 1321 accepta
1747 1267 1906 1308 eucha-

1103 1322 1218 1364 ristia
1257 1322 1532 1376 migrauerit²
1574 1325 1630 1365 ad
1673 1325 1904 1366 dominum

1102 1380 1162 1433 xj.
1185 1380 1393 1422 calendas
1417 1380 1606 1436 Augusti
1633 1382 1783 1424 multis
1813 1383 1904 1424 edi-

1100 1439 1156 1479 tis
1188 1439 1420 1487 miraculis,
1453 1453 1553 1494 quae
1585 1440 1768 1495 longum
1799 1441 1905 1482 esset

1100 1497 1332 1539 recensere.

1158 1589 1203 1634 ΙΙ
1235 1586 1413 1628 Iacobus
1441 1587 1483 1628 Α
1481 1587 1666 1652 spostolus
1694 1588 1848 1642 duplex

1429 1659 1583 1687 matus.

1421 1713 1585 1756 Oratio.

1106 1788 1271 1870 ESto
1293 1789 1473 1830 domine
1495 1789 1613 1843 plebi
1636 1794 1725 1831 tuae
1745 1787 1902 1832 saneti-

1217 1846 1371 1887 ficator
1399 1853 1443 1888 et
1474 1847 1616 1888 custos
1637 1853 1684 1888 vt
1715 1847 1900 1902 apostoli

1097 1904 1160 1945 tui
1204 1905 1355 1945 Iacobi
1404 1906 1575 1945 munita
1625 1905 1834 1959 praefidijs
1889 1921 1899 1947 ε

1097 1968 1141 2003 et
1177 1962 1508 2003 conuersatione
1549 1963 1630 2004 tibi
1672 1963 1848 2017 placeat
1890 1977 1901 2006 2

1096 2025 1141 2061 et
1163 2020 1309 2061 secura
1332 2026 1480 2062 mente
1501 2020 1717 2062 deseruiat
1738 2035 1747 2062 :
1768 2035 1857 2075 per.

1332 2117 1478 2160 Lectio
1508 2119 1636 2160 tertia
1644 2117 1668 2160 ².

1105 2187 1334 2271 IAcobus
1367 2188 1589 2242 apostolus
1623 2189 1816 2230 zebedaei
1851 2188 1900 2230 fi-

1180 2246 1276 2296 lius,
1318 2248 1498 2288 natione
1538 2246 1736 2300 galilaeus
1787 2248 1901 2289 inter

1097 2304 1265 2359 primos
1307 2304 1526 2358 apostolos
1561 2319 1588 2345 a
1622 2304 1793 2347 Christo
1822 2319 1898 2347 vo-

1097 2369 1221 2403 catus
1273 2361 1354 2403 suit
1400 2376 1501 2403 cum
1545 2362 1714 2403 Ioanne
1755 2362 1898 2406 fratre.

1099 2420 1187 2474 Qui
1220 2419 1379 2461 relirffis
1413 2420 1579 2461 retibus
1614 2434 1623 2461 z
1657 2434 1757 2474 quae
1793 2427 1899 2462 tunc

1098 2478 1211 2519 forte
1252 2477 1551 2528 deficiebant⁸‚
1583 2484 1627 2519 et
1667 2483 1793 2532 patre
1830 2492 1898 2520 ze-

1096 2535 1239 2577 bedeo
1280 2535 1419 2589 ipsum
1457 2535 1590 2576 iesum
1627 2535 1759 2577 secuti
1791 2535 1899 2578 sunt.

1100 2594 1188 2635 Hic
1219 2593 1279 2634 est
1300 2607 1412 2634 Vnus
1443 2607 1501 2634 ex
1531 2593 1670 2634 tribus
1691 2593 1899 2647 apostolis

1096 2650 1389 2700 dilefifisfimis,
1415 2665 1526 2704 quos
1550 2650 1743 2693 Christus
1769 2651 1898 2692 testes

1097 2709 1181 2750 esse
1209 2708 1349 2750 voluit
1377 2709 1462 2749 suae
1492 2708 1898 2761 transfigurationis.

1097 2767 1158 2808 Et
1189 2780 1299 2820 quos
1334 2766 1444 2807 solos
1478 2766 1596 2820 sequi
1630 2766 1671 2807 se
1706 2766 1898 2819 permisit

1095 2825 1278 2866 domum
1321 2824 1582 2878 ingressurus
1620 2824 1723 2864 Iairi
1759 2824 1898 2865 archi-

1169 2955 1182 2976 3
1207 2954 1423 2990 reficiebant
1447 2967 1454 2989 :
1475 2955 1518 2988 R.
1525 2954 1602 2999 scd
1619 2955 1720 2989 ledia
1738 2955 1896 2999 olffcm‘a.

1099 3002 1288 3037 reficiebat
1309 3014 1316 3037 :
1337 3003 1375 3036 P.
1425 3002 1639 3036 reficiebant
1663 3014 1670 3037 :
1688 3003 1731 3036 A.
