2066 3392
239 199 320 241 114

235 293 380 334 neque
426 280 619 335 praefidis
660 281 840 322 monitis
888 279 914 322 a
959 281 1034 335 pio

235 338 433 380 instituto
463 339 657 380 reuocari
695 339 917 393 potuisset:
963 353 1035 380 ca-

234 396 359 449 pitali
401 396 614 438 sententia
654 397 893 438 damnatur
933 410 1034 438 cum

235 453 490 495 Philoromo
517 455 783 496 centurione.
846 454 934 508 Qui
963 469 1034 496 co-

235 512 444 553 nantibus
466 519 510 553 et
532 513 687 563 iudice,
709 518 753 553 et
775 512 1035 566 propinquis

234 568 260 610 a
284 584 387 611 vera
416 571 582 624 pietate
616 569 813 611 Phileam
846 570 1035 610 summo-

233 642 334 668 vere
362 628 706 677 exclamauerat,
735 627 854 682 Quid
884 627 1036 669 frustra

233 685 524 726 constantiam
553 686 764 726 fortissimi
786 686 865 726 viri
893 691 1036 726 tenta-

234 742 335 784 tis¹?
398 743 488 785 Cur
527 757 628 784 eum
674 744 833 796 cogitis
874 757 1036 797 negare

234 802 380 850 deum,
399 807 447 842 vt
469 801 723 842 hominibus
746 801 1035 855 obsequatur?

235 858 476 912 Quomodo
498 859 641 912 potest
663 860 845 900 terrenis
863 858 1036 912 lachry-

235 918 317 958 mis
341 915 469 958 flesti.
520 917 643 957 cuius
666 917 781 958 oculi
813 917 1034 958 coelestem

234 975 323 1015 iam
361 974 548 1028 gloriam
587 974 878 1016 contuentur?
947 975 1035 1016 Ita-

232 1047 318 1086 que
340 1031 366 1074 ὲ
392 1033 523 1074 turba
549 1033 720 1074 furente
749 1032 1035 1087 comprehen-

233 1090 301 1132 sus
338 1090 444 1132 iussu
477 1090 670 1144 praesldis
704 1092 918 1144 martyrio
949 1105 1036 1132 vna

232 1162 333 1190 cum
377 1149 529 1190 Philea
565 1155 823 1191 coronatur.
885 1149 1036 1203 pridie.

233 1207 387 1248 Nonas
411 1206 649 1261 Februarij

232 1306 277 1351 {J
300 1303 482 1357 Agatha
503 1317 628 1357 vzrgo
653 1310 835 1357 martyr.
896 1302 1038 1344 Lecho

586 1359 682 1415 usi·

241 1435 436 1517 DEcio
470 1436 734 1489 imperatore
768 1434 1036 1488 Quintianus

361 1492 523 1535 Siciliae
539 1493 694 1547 praeses
709 1499 866 1546 captus
886 1507 1036 1534 amore

233 1551 394 1593 nobilis
421 1558 555 1604 atque
585 1551 762 1605 egregia
787 1551 928 1592 forma
952 1552 1035 1592 vir-

232 1611 347 1662 ginis
385 1609 582 1662 Agathae
619 1610 662 1649 in
703 1609 808 1650 vrbe
850 1609 1035 1658 Catana‚

232 1681 332 1708 cum
371 1667 507 1720 ipsam
545 1666 823 1707 christianam
861 1667 956 1716 esse,
990 1673 1034 1708 et

232 1723 392 1766 sanctae
410 1725 634 1778 pudicitiae
651 1725 921 1778 cognouisset
936 1725 1033 1778 capi

231 1796 330 1824 earn
353 1783 475 1824 iubet
489 1788 706 1836 praetenta
723 1782 1033 1836 superstitionis

231 1841 369 1882 causa.
458 1840 693 1894 Ipsamque
753 1840 1032 1894 Aphrodifiae

231 1899 407 1940 cuidam
431 1898 596 1952 septem
624 1898 811 1939 filiarum
838 1899 1033 1939 meretri-

231 1971 331 1998 cum
355 1957 483 1997 matri
505 1962 550 1997 et
578 1956 688 1997 lenae
715 1957 830 2010 turpi
856 1956 1033 1997 consue-

231 2015 385 2056 tudine
402 2014 734 2068 deprauandam
753 2015 899 2055 tradit.
944 2014 1033 2056 Sed

231 2072 326 2126 post
349 2073 466 2114 diem
490 2072 771 2125 trigesimum,
791 2085 892 2112 cum
911 2072 1030 2125 Aga-

230 2131 308 2171 tha
367 2131 655 2171 meretriciam
713 2131 1034 2183 turpitudinem

232 2187 373 2229 multo
396 2189 536 2241 magis
558 2188 693 2229 exosa
715 2186 902 2229 sanfitior
918 2202 968 2229 ac
991 2188 1035 2228 in

230 2247 392 2287 virtute
406 2246 674 2287 constantior
689 2245 907 2299 perfistere
926 2259 1035 2286 nun-

231 2305 429 2354 ciaretur,
465 2305 648 2358 produci
683 2304 871 2344 eandem
904 2304 959 2344 ad
994 2303 1035 2344 se

233 2361 513 2415 Quintianus,
532 2368 774 2415 optareque
792 2362 923 2402 iubet.
949 2361 1034 2413 dijs

232 2434 287 2460 ne
309 2419 546 2461 sacrificare
568 2419 732 2469 mallet,
749 2433 804 2459 an
824 2419 1034 2472 supplicia

232 2478 430 2532 ingentia
452 2477 600 2518 subire.
655 2477 767 2531 Quae
786 2491 886 2518 cum
905 2476 1034 2517 nullis

233 2535 455 2589 supplicijs
487 2534 512 2575 a
544 2535 631 2576 fide
654 2534 811 2576 Christi
845 2534 884 2574 se
917 2535 1034 2588 posse

232 2593 495 2634 summoueri
547 2592 841 2646 respondisset,
894 2593 1034 2645 alapis

231 2651 516 2691 vehementer
566 2650 675 2691 caesa
726 2651 770 2690 in
815 2663 1034 2691 carcerem

233 2709 435 2749 truditur.
496 2707 566 2748 Ac
592 2708 800 2761 postridie
832 2722 933 2748 cum
960 2722 1034 2748 eo-

232 2766 334 2806 dem
353 2766 502 2807 animo
520 2765 877 2819 perseueraret‚in
898 2779 1035 2819 equu—

233 2824 302 2864 leo
339 2824 566 2873 cruciatur,
596 2829 714 2864 torta
745 2824 949 2877 primum,
983 2837 1033 2864 ac

302 2982 314 3003 ¹
339 2982 519 3017 tentantis
542 2993 548 3015 :
570 2983 613 3016 R.

301 3028 314 3050 ²
340 3029 401 3064 die
419 3037 461 3074 .5.
483 3029 522 3062 z'n
540 3040 587 3063 m.

906 203 1040 236 FEBR
1047 204 1240 238 UARJUS.

1103 281 1266 323 deinde
1306 281 1483 324 abscissa
1534 282 1742 324 mamilla.
1803 281 1908 336 Quo

1106 340 1415 394 patientissime
1446 340 1647 390 tolerato,
1670 340 1765 394 post
1786 341 1905 382 diem

1107 404 1313 451 quartum
1348 398 1490 440 acutis
1520 398 1699 447 testulis,
1731 403 1776 439 et
1809 397 1907 440 sub-

1106 455 1248 496 stratis
1270 456 1536 497 carbonibus
1565 456 1823 510 imponitur:
1854 469 1907 498 ac

1105 513 1340 555 volutatur.
1395 514 1496 555 Hoc
1513 514 1620 554 dum
1639 513 1906 567 fieret‚mag-

1106 584 1187 612 nus
1204 577 1332 612 terrae
1355 578 1501 613 motus
1519 572 1671 613 vrbem
1687 572 1906 621 concussit,

1105 642 1194 682 quo
1216 630 1358 682 paries
1386 643 1592 671 corruens
1619 629 1839 671 Siluinum
1861 635 1906 671 et

1107 686 1365 728 Falconium
1412 687 1603 741 praesidis
1644 687 1906 728 domesticos

1105 745 1321 798 oppressit
1385 745 1544 798 Itaque
1585 745 1704 786 ciues
1745 746 1906 786 timore

1105 802 1284 855 perculfi
1308 816 1471 856 magno
1492 803 1715 844 clamore
1704 816 1747 844 1n
1766 801 1906 857 Quin-

1105 860 1290 910 tianum,
1321 861 1534 902 damnata
1570 860 1662 901 eius
1696 861 1740 901 in
1776 861 1906 914 virgi-

1106 931 1208 959 nem
1231 918 1407 968 saeuitia,
1430 919 1716 960 concitantur.
1778 918 1907 960 Tunc

1105 989 1209 1017 vero
1230 975 1446 1030 Agatha'
1436 990 1478 1017 1n
1502 990 1720 1017 carcerem
1742 976 1906 1018 retrudi

1106 1033 1292 1084 iubetur,
1314 1048 1403 1087 quo
1426 1048 1527 1075 cum
1554 1034 1658 1075 esset
1684 1034 1906 1076 semimor-

1107 1097 1184 1132 tua
1212 1089 1392 1133 reduGta
1423 1093 1556 1134 deum
1586 1098 1633 1134 vt
1663 1092 1783 1134 suam
1813 1092 1906 1133 ani-

1107 1163 1226 1190 mam
1264 1150 1476 1204 reciperet
1510 1156 1703 1204 precata,
1733 1164 1792 1191 ex
1824 1149 1907 1191 hac

1105 1208 1197 1249 vita
1218 1208 1426 1262 migrauit
1447 1209 1575 1249 nonis
1598 1207 1835 1262 Februarij.

1429 1305 1591 1348 Oratio.

1114 1380 1304 1462 DEus,
1325 1380 1399 1435 qui
1429 1381 1543 1422 inter
1567 1386 1726 1422 caetera
1753 1386 1910 1434 poten-

1237 1438 1311 1479 tiae
1339 1445 1427 1480 tuae
1460 1438 1670 1480 miracula
1699 1439 1832 1480 etiam
1862 1439 1906 1480 in

1106 1496 1213 1537 sexu
1249 1496 1393 1549 fragili
1434 1494 1663 1538 victoriam
1705 1496 1904 1550 martyrij

1105 1554 1341 1595 contulisti:
1373 1555 1568 1596 concede
1594 1555 1830 1608 propitius:
1860 1561 1909 1596 vt

1105 1612 1228 1653 cuius
1255 1612 1456 1653 natalitia
1479 1611 1684 1653 colimus:
1715 1626 1794 1666 per
1814 1612 1908 1654 eius

1106 1670 1162 1711 acl
1197 1676 1241 1711 te
1275 1670 1486 1724 exempla
1520 1669 1792 1724 gradiamur:
1825 1670 1908 1712 Per

1105 1728 1348 1769 dominum.

1103 1826 1148 1872 (I
1191 1824 1418 1865 Adaucffus
1461 1830 1503 1865 et
1537 1823 1652 1877 socg‘j
1685 1830 1906 1877 martyres.

1363 1881 1509 1923 Lefft'z'o
1533 1880 1634 1935 λ’ῂέ.

1106 1956 1384 2039 TEmpore
1402 1955 1679 2005 Diocletiani,
1697 1961 1740 1996 et
1758 1955 1906 1997 Maxi·

1207 2014 1341 2054 miani
1363 2014 1678 2068 imperatorum
1701 2013 1907 2054 saeuiente

1105 2072 1148 2112 in
1163 2071 1417 2113 christianos
1434 2071 1734 2126 persecutione
1749 2072 1907 2112 ciuitas

1106 2129 1312 2183 quaedam
1349 2128 1565 2183 Phrygiae,
1592 2143 1692 2183 quae
1718 2128 1906 2183 publicae

1106 2194 1149 2228 et
1181 2201 1345 2241 magno
1377 2188 1540 2228 ciuium
1572 2187 1770 2228 omniurn
1802 2200 1907 2228 con-

1106 2245 1225 2286 sensu
1254 2245 1410 2287 Christi
1442 2245 1577 2286 fidem
1606 2244 1906 2298 profitebatur,

1105 2317 1206 2344 cum
1229 2303 1350 2344 nulla
1376 2304 1547 2344 ratione
1572 2303 1732 2344 adduci
1754 2302 1906 2356 posset,

1105 2367 1153 2402 vt
1178 2362 1286 2402 deos
1313 2361 1480 2402 alienos
1507 2361 1721 2410 adoraret,
1742 2360 1906 2402 obseffa

1106 2419 1163 2460 ab
1195 2419 1431 2472 impiorum
1465 2419 1675 2466 exercitu,
1707 2417 1906 2459 vniuersa

1106 2477 1192 2517 fine
1213 2476 1302 2518 vllo
1325 2476 1454 2517 sexus
1481 2482 1558 2517 aut
1584 2476 1730 2517 aetatis
1761 2475 1905 2516 discri-

1107 2535 1225 2575 mine
1276 2534 1536 2583 incenditur,
1587 2540 1715 2575 tanta
1776 2533 1904 2588 impi-

1105 2606 1230 2633 orum
1260 2592 1531 2641 crudelitate,
1556 2598 1604 2633 vt
1633 2591 1778 2632 nullus
1810 2604 1905 2632 om-

1105 2650 1211 2691 nino
1242 2650 1350 2691 ciuis
1381 2649 1482 2690 huic
1511 2649 1629 2690 vrbis
1662 2648 1904 2690 calamitati

1105 2707 1370 2761 superfuerit.
1434 2707 1569 2749 Cuius
1602 2707 1720 2748 beati
1753 2719 1905 2748 nume-

1106 2765 1272 2819 rofique
1315 2764 1511 2818 martyrij
1558 2764 1681 2807 simul
1719 2765 1776 2805 ab
1811 2764 1905 2805 vni-

1067 2824 1073 2826 *
1104 2823 1226 2864 uersa
1252 2823 1432 2864 ciuitate
1460 2822 1654 2876 suscepti,
1681 2820 1835 2864 auctor
1860 2827 1905 2863 et

1176 2980 1190 3002 ³
1216 2982 1276 3016 die
1294 2990 1337 3025 .7.
1356 2982 1398 3015 in
1416 2992 1462 3015 m.
