<?xml version="1.0" encoding="UTF-8"?>
<!DOCTYPE html PUBLIC "-//W3C//DTD XHTML 1.0 Transitional//EN"
    "http://www.w3.org/TR/xhtml1/DTD/xhtml1-transitional.dtd">
<html xmlns="http://www.w3.org/1999/xhtml" xml:lang="en" lang="en">
 <head>
  <title>
</title>
<meta http-equiv="Content-Type" content="text/html;charset=utf-8" />
  <meta name='ocr-system' content='tesseract 3.04.00' />
  <meta name='ocr-capabilities' content='ocr_page ocr_carea ocr_par ocr_line ocrx_word'/>
</head>
<body>
  <div class='ocr_page' id='page_1' title='image "./breviariumromanu00quiuoft/breviariumromanu00quiuoft_0183.png"; bbox 0 0 2066 3392; ppageno 0'>
   <div class='ocr_carea' id='block_1_1' title="bbox 0 0 73 1703">
    <p class='ocr_par' dir='ltr' id='par_1_1' title="bbox 0 0 73 1703">
     <span class='ocr_line' id='line_1_1' title="bbox 0 0 73 1703; baseline 0 0"><span class='ocrx_word' id='word_1_1' title='bbox 0 0 73 1703; x_wconf 95' lang='lat' dir='ltr'> </span> 
     </span>
    </p>
   </div>
   <div class='ocr_carea' id='block_1_2' title="bbox 903 189 1834 235">
    <p class='ocr_par' dir='ltr' id='par_1_2' title="bbox 903 189 1834 235">
     <span class='ocr_line' id='line_1_2' title="bbox 903 189 1834 235; baseline -0.016 1"><span class='ocrx_word' id='word_1_2' title='bbox 903 200 1114 235; x_wconf 80' lang='lat' dir='ltr'>APRJLIS.</span> <span class='ocrx_word' id='word_1_3' title='bbox 1756 189 1834 232; x_wconf 90' lang='lat'>123</span> 
     </span>
    </p>
   </div>
   <div class='ocr_carea' id='block_1_3' title="bbox 154 281 958 569">
    <p class='ocr_par' dir='ltr' id='par_1_3' title="bbox 154 281 958 569">
     <span class='ocr_line' id='line_1_3' title="bbox 155 281 957 337; baseline -0.002 -13"><span class='ocrx_word' id='word_1_4' title='bbox 155 282 326 337; x_wconf 88' lang='lat' dir='ltr'>magnis</span> <span class='ocrx_word' id='word_1_5' title='bbox 354 282 558 337; x_wconf 91' lang='lat' dir='ltr'>precibus</span> <span class='ocrx_word' id='word_1_6' title='bbox 586 287 631 323; x_wconf 90' lang='lat' dir='ltr'>et</span> <span class='ocrx_word' id='word_1_7' title='bbox 652 281 847 336; x_wconf 87' lang='lat' dir='ltr'>praemijs</span> <span class='ocrx_word' id='word_1_8' title='bbox 876 282 957 322; x_wconf 90' lang='lat' dir='ltr'>im-</span> 
     </span>
     <span class='ocr_line' id='line_1_4' title="bbox 155 339 958 394; baseline -0.004 -12"><span class='ocrx_word' id='word_1_9' title='bbox 155 341 356 394; x_wconf 84' lang='lat' dir='ltr'>petrauit.</span> <span class='ocrx_word' id='word_1_10' title='bbox 424 340 561 383; x_wconf 90' lang='lat' dir='ltr'>Cuius</span> <span class='ocrx_word' id='word_1_11' title='bbox 612 339 794 381; x_wconf 90' lang='lat' dir='ltr'>nomine</span> <span class='ocrx_word' id='word_1_12' title='bbox 843 344 958 380; x_wconf 89' lang='lat' dir='ltr'>tem-</span> 
     </span>
     <span class='ocr_line' id='line_1_5' title="bbox 154 397 956 452; baseline -0.002 -13"><span class='ocrx_word' id='word_1_13' title='bbox 154 397 278 452; x_wconf 91' lang='lat' dir='ltr'>plum</span> <span class='ocrx_word' id='word_1_14' title='bbox 329 397 598 440; x_wconf 88' lang='lat' dir='ltr'>aedificatum</span> <span class='ocrx_word' id='word_1_15' title='bbox 644 397 704 439; x_wconf 92' lang='lat' dir='ltr'>est</span> <span class='ocrx_word' id='word_1_16' title='bbox 746 397 956 451; x_wconf 88' lang='lat' dir='ltr'>Legione‚</span> 
     </span>
     <span class='ocr_line' id='line_1_6' title="bbox 155 454 957 510; baseline -0.001 -13"><span class='ocrx_word' id='word_1_17' title='bbox 155 454 228 497; x_wconf 89' lang='lat' dir='ltr'>vbi</span> <span class='ocrx_word' id='word_1_18' title='bbox 288 456 481 510; x_wconf 91' lang='lat' dir='ltr'>sepultus</span> <span class='ocrx_word' id='word_1_19' title='bbox 543 454 764 496; x_wconf 87' lang='lat' dir='ltr'>miraculis</span> <span class='ocrx_word' id='word_1_20' title='bbox 814 454 957 496; x_wconf 87' lang='lat' dir='ltr'>clarus</span> 
     </span>
     <span class='ocr_line' id='line_1_7' title="bbox 154 513 917 569; baseline -0.003 -14"><span class='ocrx_word' id='word_1_21' title='bbox 154 513 313 556; x_wconf 89' lang='lat' dir='ltr'>colitur</span> <span class='ocrx_word' id='word_1_22' title='bbox 334 528 498 569; x_wconf 90' lang='lat' dir='ltr'>magna</span> <span class='ocrx_word' id='word_1_23' title='bbox 519 513 672 568; x_wconf 93' lang='lat' dir='ltr'>populi</span> <span class='ocrx_word' id='word_1_24' title='bbox 694 513 917 567; x_wconf 84' lang='lat' dir='ltr'>religione.</span> 
     </span>
    </p>
   </div>
   <div class='ocr_carea' id='block_1_4' title="bbox 269 609 840 722">
    <p class='ocr_par' dir='ltr' id='par_1_4' title="bbox 269 609 840 722">
     <span class='ocr_line' id='line_1_8' title="bbox 269 609 840 665; baseline -0.002 -14"><span class='ocrx_word' id='word_1_25' title='bbox 269 612 314 658; x_wconf 74' lang='grc' dir='ltr'>ΙΙ</span> <span class='ocrx_word' id='word_1_26' title='bbox 347 609 511 665; x_wconf 89' lang='lat' dir='ltr'><em>Xystus</em></span> <span class='ocrx_word' id='word_1_27' title='bbox 522 617 639 664; x_wconf 81' lang='lat' dir='ltr'>papa</span> <span class='ocrx_word' id='word_1_28' title='bbox 660 615 840 662; x_wconf 85' lang='lat' dir='ltr'><em>martyr.</em></span> 
     </span>
     <span class='ocr_line' id='line_1_9' title="bbox 417 666 683 722; baseline -0.004 -12"><span class='ocrx_word' id='word_1_29' title='bbox 417 668 563 710; x_wconf 66' lang='lat' dir='ltr'><em>Lec‘Zio</em></span> <span class='ocrx_word' id='word_1_30' title='bbox 584 666 683 722; x_wconf 52' lang='grc' dir='ltr'>,ἰῇἦ</span> 
     </span>
    </p>
   </div>
   <div class='ocr_carea' id='block_1_5' title="bbox 155 742 963 2300">
    <p class='ocr_par' dir='ltr' id='par_1_5' title="bbox 155 742 963 2300">
     <span class='ocr_line' id='line_1_10' title="bbox 157 742 956 826; baseline -0.004 -42"><span class='ocrx_word' id='word_1_31' title='bbox 157 742 381 826; x_wconf 80' lang='lat' dir='ltr'>XYstus</span> <span class='ocrx_word' id='word_1_32' title='bbox 422 756 551 797; x_wconf 89' lang='lat' dir='ltr'>papa,</span> <span class='ocrx_word' id='word_1_33' title='bbox 587 743 662 796; x_wconf 91' lang='lat' dir='ltr'>qui</span> <span class='ocrx_word' id='word_1_34' title='bbox 705 742 847 796; x_wconf 89' lang='lat' dir='ltr'>patria</span> <span class='ocrx_word' id='word_1_35' title='bbox 889 754 956 781; x_wconf 94' lang='lat' dir='ltr'>ro-</span> 
     </span>
     <span class='ocr_line' id='line_1_11' title="bbox 275 798 957 853; baseline -0.004 -11"><span class='ocrx_word' id='word_1_36' title='bbox 275 814 432 842; x_wconf 88' lang='lat' dir='ltr'>manus</span> <span class='ocrx_word' id='word_1_37' title='bbox 455 801 550 850; x_wconf 90' lang='lat' dir='ltr'>fuit,</span> <span class='ocrx_word' id='word_1_38' title='bbox 570 800 759 841; x_wconf 82' lang='lat' dir='ltr'>ecclefiae</span> <span class='ocrx_word' id='word_1_39' title='bbox 781 798 957 853; x_wconf 83' lang='lat' dir='ltr'>praefuit</span> 
     </span>
     <span class='ocr_line' id='line_1_12' title="bbox 156 857 957 913; baseline -0.002 -14"><span class='ocrx_word' id='word_1_40' title='bbox 156 858 213 899; x_wconf 89' lang='lat' dir='ltr'>ab</span> <span class='ocrx_word' id='word_1_41' title='bbox 234 857 423 900; x_wconf 90' lang='lat' dir='ltr'>Adriani</span> <span class='ocrx_word' id='word_1_42' title='bbox 453 859 731 913; x_wconf 82' lang='lat' dir='ltr'>imperatoris</span> <span class='ocrx_word' id='word_1_43' title='bbox 756 864 957 911; x_wconf 91' lang='lat' dir='ltr'>tempore</span> 
     </span>
     <span class='ocr_line' id='line_1_13' title="bbox 155 914 956 970; baseline -0.002 -13"><span class='ocrx_word' id='word_1_44' title='bbox 155 915 288 970; x_wconf 91' lang='lat' dir='ltr'>vsque</span> <span class='ocrx_word' id='word_1_45' title='bbox 316 917 371 958; x_wconf 91' lang='lat' dir='ltr'>ad</span> <span class='ocrx_word' id='word_1_46' title='bbox 404 917 570 958; x_wconf 90' lang='lat' dir='ltr'>Verum</span> <span class='ocrx_word' id='word_1_47' title='bbox 605 922 650 958; x_wconf 91' lang='lat' dir='ltr'>et</span> <span class='ocrx_word' id='word_1_48' title='bbox 682 914 956 957; x_wconf 89' lang='lat' dir='ltr'>Anniculum</span> 
     </span>
     <span class='ocr_line' id='line_1_14' title="bbox 156 973 956 1029; baseline -0.003 -14"><span class='ocrx_word' id='word_1_49' title='bbox 156 973 364 1016; x_wconf 87' lang='lat' dir='ltr'>consules.</span> <span class='ocrx_word' id='word_1_50' title='bbox 446 974 533 1029; x_wconf 83' lang='lat' dir='ltr'>Qui</span> <span class='ocrx_word' id='word_1_51' title='bbox 590 987 740 1015; x_wconf 88' lang='lat' dir='ltr'>curam</span> <span class='ocrx_word' id='word_1_52' title='bbox 806 973 956 1027; x_wconf 82' lang='lat' dir='ltr'>praeci-</span> 
     </span>
     <span class='ocr_line' id='line_1_15' title="bbox 157 1031 958 1086; baseline -0.002 -13"><span class='ocrx_word' id='word_1_53' title='bbox 157 1046 291 1086; x_wconf 88' lang='lat' dir='ltr'>puam</span> <span class='ocrx_word' id='word_1_54' title='bbox 333 1033 399 1086; x_wconf 93' lang='lat' dir='ltr'>(vt</span> <span class='ocrx_word' id='word_1_55' title='bbox 442 1047 521 1085; x_wconf 89' lang='lat' dir='ltr'>par</span> <span class='ocrx_word' id='word_1_56' title='bbox 556 1037 666 1080; x_wconf 89' lang='lat' dir='ltr'>erat)</span> <span class='ocrx_word' id='word_1_57' title='bbox 702 1032 761 1073; x_wconf 89' lang='lat' dir='ltr'>rei</span> <span class='ocrx_word' id='word_1_58' title='bbox 793 1031 958 1072; x_wconf 84' lang='lat' dir='ltr'>diuinae</span> 
     </span>
     <span class='ocr_line' id='line_1_16' title="bbox 155 1089 959 1144; baseline -0.002 -13"><span class='ocrx_word' id='word_1_59' title='bbox 155 1103 323 1144; x_wconf 88' lang='lat' dir='ltr'>gerens,</span> <span class='ocrx_word' id='word_1_60' title='bbox 341 1089 583 1132; x_wconf 86' lang='lat' dir='ltr'>constituit:</span> <span class='ocrx_word' id='word_1_61' title='bbox 607 1103 660 1141; x_wconf 88' lang='lat' dir='ltr'>ne</span> <span class='ocrx_word' id='word_1_62' title='bbox 683 1090 780 1143; x_wconf 90' lang='lat' dir='ltr'>quis</span> <span class='ocrx_word' id='word_1_63' title='bbox 798 1095 959 1143; x_wconf 80' lang='lat' dir='ltr'>praeter</span> 
     </span>
     <span class='ocr_line' id='line_1_17' title="bbox 157 1147 958 1201; baseline -0.002 -12"><span class='ocrx_word' id='word_1_64' title='bbox 157 1148 375 1190; x_wconf 89' lang='lat' dir='ltr'>ministros</span> <span class='ocrx_word' id='word_1_65' title='bbox 413 1148 643 1197; x_wconf 88' lang='lat' dir='ltr'>sacrorum,</span> <span class='ocrx_word' id='word_1_66' title='bbox 678 1147 880 1201; x_wconf 89' lang='lat' dir='ltr'>mysteria</span> <span class='ocrx_word' id='word_1_67' title='bbox 914 1153 958 1188; x_wconf 92' lang='lat' dir='ltr'>et</span> 
     </span>
     <span class='ocr_line' id='line_1_18' title="bbox 155 1204 957 1260; baseline -0.002 -13"><span class='ocrx_word' id='word_1_68' title='bbox 155 1205 256 1247; x_wconf 87' lang='lat' dir='ltr'>vasa</span> <span class='ocrx_word' id='word_1_69' title='bbox 277 1205 395 1247; x_wconf 89' lang='lat' dir='ltr'>sacra</span> <span class='ocrx_word' id='word_1_70' title='bbox 415 1206 703 1260; x_wconf 89' lang='lat' dir='ltr'>contingeret,</span> <span class='ocrx_word' id='word_1_71' title='bbox 720 1204 957 1259; x_wconf 85' lang='lat' dir='ltr'>praesertim</span> 
     </span>
     <span class='ocr_line' id='line_1_19' title="bbox 158 1263 959 1317; baseline -0.001 -13"><span class='ocrx_word' id='word_1_72' title='bbox 158 1263 354 1306; x_wconf 88' lang='lat' dir='ltr'>soemina.</span> <span class='ocrx_word' id='word_1_73' title='bbox 413 1265 527 1305; x_wconf 91' lang='lat' dir='ltr'><strong>Item</strong></span> <span class='ocrx_word' id='word_1_74' title='bbox 562 1264 704 1305; x_wconf 88' lang='lat' dir='ltr'>vetuit</span> <span class='ocrx_word' id='word_1_75' title='bbox 736 1263 844 1317; x_wconf 87' lang='lat' dir='ltr'>lege,</span> <span class='ocrx_word' id='word_1_76' title='bbox 877 1263 959 1312; x_wconf 91' lang='lat' dir='ltr'>Ne,</span> 
     </span>
     <span class='ocr_line' id='line_1_20' title="bbox 156 1321 956 1376; baseline -0.001 -14"><span class='ocrx_word' id='word_1_77' title='bbox 156 1322 276 1375; x_wconf 92' lang='lat' dir='ltr'>quod</span> <span class='ocrx_word' id='word_1_78' title='bbox 286 1322 531 1364; x_wconf 86' lang='lat' dir='ltr'><strong>sacerdotes</strong></span> <span class='ocrx_word' id='word_1_79' title='bbox 545 1321 770 1376; x_wconf 86' lang='lat' dir='ltr'>corporale</span> <span class='ocrx_word' id='word_1_80' title='bbox 785 1326 956 1369; x_wconf 91' lang='lat' dir='ltr'>vocant,</span> 
     </span>
     <span class='ocr_line' id='line_1_21' title="bbox 157 1379 959 1434; baseline -0.002 -13"><span class='ocrx_word' id='word_1_81' title='bbox 157 1392 216 1420; x_wconf 87' lang='lat' dir='ltr'>ex</span> <span class='ocrx_word' id='word_1_82' title='bbox 253 1379 350 1428; x_wconf 91' lang='lat' dir='ltr'>alio,</span> <span class='ocrx_word' id='word_1_83' title='bbox 386 1393 521 1434; x_wconf 89' lang='lat' dir='ltr'>quarn</span> <span class='ocrx_word' id='word_1_84' title='bbox 556 1393 614 1420; x_wconf 87' lang='lat' dir='ltr'>ex</span> <span class='ocrx_word' id='word_1_85' title='bbox 648 1379 765 1420; x_wconf 90' lang='lat' dir='ltr'>lineo</span> <span class='ocrx_word' id='word_1_86' title='bbox 798 1392 959 1433; x_wconf 91' lang='lat' dir='ltr'>panno,</span> 
     </span>
     <span class='ocr_line' id='line_1_22' title="bbox 157 1436 959 1492; baseline -0.001 -14"><span class='ocrx_word' id='word_1_87' title='bbox 157 1450 299 1492; x_wconf 90' lang='lat' dir='ltr'>eoque</span> <span class='ocrx_word' id='word_1_88' title='bbox 344 1438 564 1492; x_wconf 83' lang='lat' dir='ltr'>purissimo</span> <span class='ocrx_word' id='word_1_89' title='bbox 615 1436 748 1478; x_wconf 90' lang='lat' dir='ltr'>fieret.</span> <span class='ocrx_word' id='word_1_90' title='bbox 813 1436 959 1477; x_wconf 92' lang='lat' dir='ltr'>Huius</span> 
     </span>
     <span class='ocr_line' id='line_1_23' title="bbox 157 1493 958 1549; baseline -0.001 -13"><span class='ocrx_word' id='word_1_91' title='bbox 157 1493 239 1536; x_wconf 85' lang='lat' dir='ltr'>suit</span> <span class='ocrx_word' id='word_1_92' title='bbox 261 1494 515 1537; x_wconf 87' lang='lat' dir='ltr'>institutum.</span> <span class='ocrx_word' id='word_1_93' title='bbox 569 1495 638 1536; x_wconf 94' lang='lat' dir='ltr'>Ne</span> <span class='ocrx_word' id='word_1_94' title='bbox 659 1494 862 1549; x_wconf 91' lang='lat' dir='ltr'>episcopi,</span> <span class='ocrx_word' id='word_1_95' title='bbox 883 1495 958 1548; x_wconf 92' lang='lat' dir='ltr'>qui</span> 
     </span>
     <span class='ocr_line' id='line_1_24' title="bbox 158 1551 959 1607; baseline -0.001 -13"><span class='ocrx_word' id='word_1_96' title='bbox 158 1553 214 1594; x_wconf 90' lang='lat' dir='ltr'>ad</span> <span class='ocrx_word' id='word_1_97' title='bbox 261 1553 406 1594; x_wconf 91' lang='lat' dir='ltr'>sedem</span> <span class='ocrx_word' id='word_1_98' title='bbox 457 1552 742 1607; x_wconf 89' lang='lat' dir='ltr'>apostolicam</span> <span class='ocrx_word' id='word_1_99' title='bbox 786 1551 959 1593; x_wconf 88' lang='lat' dir='ltr'>fuissent</span> 
     </span>
     <span class='ocr_line' id='line_1_25' title="bbox 156 1609 958 1664; baseline -0.001 -12"><span class='ocrx_word' id='word_1_100' title='bbox 156 1611 311 1660; x_wconf 89' lang='lat' dir='ltr'>vocati,</span> <span class='ocrx_word' id='word_1_101' title='bbox 344 1612 576 1653; x_wconf 90' lang='lat' dir='ltr'>redeuntes</span> <span class='ocrx_word' id='word_1_102' title='bbox 619 1609 645 1651; x_wconf 77' lang='lat' dir='ltr'>a</span> <span class='ocrx_word' id='word_1_103' title='bbox 680 1610 764 1651; x_wconf 91' lang='lat' dir='ltr'>suis</span> <span class='ocrx_word' id='word_1_104' title='bbox 795 1610 958 1664; x_wconf 89' lang='lat' dir='ltr'>recipe-</span> 
     </span>
     <span class='ocr_line' id='line_1_26' title="bbox 158 1668 958 1722; baseline -0.001 -12"><span class='ocrx_word' id='word_1_105' title='bbox 158 1675 319 1719; x_wconf 87' lang='lat' dir='ltr'>rentur,</span> <span class='ocrx_word' id='word_1_106' title='bbox 341 1669 414 1710; x_wconf 91' lang='lat' dir='ltr'>nis1</span> <span class='ocrx_word' id='word_1_107' title='bbox 437 1668 586 1710; x_wconf 88' lang='lat' dir='ltr'>literas</span> <span class='ocrx_word' id='word_1_108' title='bbox 607 1668 827 1710; x_wconf 90' lang='lat' dir='ltr'>deferrent</span> <span class='ocrx_word' id='word_1_109' title='bbox 850 1682 958 1722; x_wconf 92' lang='lat' dir='ltr'>pon-</span> 
     </span>
     <span class='ocr_line' id='line_1_27' title="bbox 156 1725 957 1781; baseline -0.001 -13"><span class='ocrx_word' id='word_1_110' title='bbox 156 1725 286 1768; x_wconf 87' lang='lat' dir='ltr'>tificis</span> <span class='ocrx_word' id='word_1_111' title='bbox 327 1727 540 1781; x_wconf 91' lang='lat' dir='ltr'>populum</span> <span class='ocrx_word' id='word_1_112' title='bbox 583 1727 646 1768; x_wconf 90' lang='lat' dir='ltr'>eis</span> <span class='ocrx_word' id='word_1_113' title='bbox 683 1726 957 1768; x_wconf 91' lang='lat' dir='ltr'>commissum</span> 
     </span>
     <span class='ocr_line' id='line_1_28' title="bbox 158 1783 960 1839; baseline 0 -14"><span class='ocrx_word' id='word_1_114' title='bbox 158 1783 396 1827; x_wconf 89' lang='lat' dir='ltr'>salutantis.</span> <span class='ocrx_word' id='word_1_115' title='bbox 456 1785 606 1839; x_wconf 91' lang='lat' dir='ltr'>thue</span> <span class='ocrx_word' id='word_1_116' title='bbox 635 1785 679 1825; x_wconf 92' lang='lat' dir='ltr'>in</span> <span class='ocrx_word' id='word_1_117' title='bbox 707 1784 830 1825; x_wconf 80' lang='lat' dir='ltr'>missa</span> <span class='ocrx_word' id='word_1_118' title='bbox 858 1797 960 1826; x_wconf 90' lang='lat' dir='ltr'>can-</span> 
     </span>
     <span class='ocr_line' id='line_1_29' title="bbox 157 1840 961 1893; baseline 0 -10"><span class='ocrx_word' id='word_1_119' title='bbox 157 1848 334 1893; x_wconf 89' lang='lat' dir='ltr'>taretur,</span> <span class='ocrx_word' id='word_1_120' title='bbox 353 1841 554 1891; x_wconf 70' lang='lat' dir='ltr'>San&amp;us‚</span> <span class='ocrx_word' id='word_1_121' title='bbox 572 1841 757 1893; x_wconf 68' lang='lat' dir='ltr'>sanEtus,</span> <span class='ocrx_word' id='word_1_122' title='bbox 775 1840 961 1892; x_wconf 64' lang='lat' dir='ltr'>sanetus,</span> 
     </span>
     <span class='ocr_line' id='line_1_30' title="bbox 157 1899 960 1954; baseline -0.001 -12"><span class='ocrx_word' id='word_1_123' title='bbox 157 1900 364 1942; x_wconf 89' lang='lat' dir='ltr'>dominus</span> <span class='ocrx_word' id='word_1_124' title='bbox 396 1901 505 1942; x_wconf 91' lang='lat' dir='ltr'>deus</span> <span class='ocrx_word' id='word_1_125' title='bbox 538 1900 731 1942; x_wconf 90' lang='lat' dir='ltr'>sabaoth.</span> <span class='ocrx_word' id='word_1_126' title='bbox 794 1899 960 1954; x_wconf 89' lang='lat' dir='ltr'>Xystus</span> 
     </span>
     <span class='ocr_line' id='line_1_31' title="bbox 157 1957 962 2012; baseline 0 -14"><span class='ocrx_word' id='word_1_127' title='bbox 157 1957 348 2012; x_wconf 90' lang='lat' dir='ltr'>denique</span> <span class='ocrx_word' id='word_1_128' title='bbox 399 1959 472 2000; x_wconf 90' lang='lat' dir='ltr'>vbi</span> <span class='ocrx_word' id='word_1_129' title='bbox 533 1959 834 2000; x_wconf 86' lang='lat' dir='ltr'>ordinationes</span> <span class='ocrx_word' id='word_1_130' title='bbox 894 1964 962 1999; x_wconf 91' lang='lat' dir='ltr'>ter</span> 
     </span>
     <span class='ocr_line' id='line_1_32' title="bbox 159 2015 960 2057; baseline -0.001 0"><span class='ocrx_word' id='word_1_131' title='bbox 159 2015 305 2057; x_wconf 89' lang='lat' dir='ltr'>mense</span> <span class='ocrx_word' id='word_1_132' title='bbox 339 2016 575 2057; x_wconf 91' lang='lat' dir='ltr'>Decembri</span> <span class='ocrx_word' id='word_1_133' title='bbox 605 2016 820 2057; x_wconf 89' lang='lat' dir='ltr'>habuisset</span> <span class='ocrx_word' id='word_1_134' title='bbox 848 2029 960 2056; x_wconf 85' lang='lat' dir='ltr'>mar-</span> 
     </span>
     <span class='ocr_line' id='line_1_33' title="bbox 160 2073 962 2127; baseline 0.001 -13"><span class='ocrx_word' id='word_1_135' title='bbox 160 2074 276 2127; x_wconf 89' lang='lat' dir='ltr'>tyrio</span> <span class='ocrx_word' id='word_1_136' title='bbox 297 2080 532 2115; x_wconf 89' lang='lat' dir='ltr'>coronatus</span> <span class='ocrx_word' id='word_1_137' title='bbox 554 2074 598 2114; x_wconf 90' lang='lat' dir='ltr'>in</span> <span class='ocrx_word' id='word_1_138' title='bbox 620 2074 842 2115; x_wconf 88' lang='lat' dir='ltr'>Vaticano</span> <span class='ocrx_word' id='word_1_139' title='bbox 864 2073 962 2127; x_wconf 88' lang='lat' dir='ltr'>.viij.</span> 
     </span>
     <span class='ocr_line' id='line_1_34' title="bbox 160 2131 962 2185; baseline 0 -13"><span class='ocrx_word' id='word_1_140' title='bbox 160 2131 258 2172; x_wconf 92' lang='lat' dir='ltr'>idus</span> <span class='ocrx_word' id='word_1_141' title='bbox 294 2131 462 2185; x_wconf 90' lang='lat' dir='ltr'>Aprilis</span> <span class='ocrx_word' id='word_1_142' title='bbox 504 2131 720 2185; x_wconf 87' lang='lat' dir='ltr'>sepelitur,</span> <span class='ocrx_word' id='word_1_143' title='bbox 760 2144 860 2172; x_wconf 88' lang='lat' dir='ltr'>cum</span> <span class='ocrx_word' id='word_1_144' title='bbox 903 2131 962 2172; x_wconf 93' lang='lat' dir='ltr'>se-</span> 
     </span>
     <span class='ocr_line' id='line_1_35' title="bbox 160 2188 963 2242; baseline -0.001 -12"><span class='ocrx_word' id='word_1_145' title='bbox 160 2188 286 2230; x_wconf 90' lang='lat' dir='ltr'>disset</span> <span class='ocrx_word' id='word_1_146' title='bbox 317 2202 457 2230; x_wconf 89' lang='lat' dir='ltr'>annos</span> <span class='ocrx_word' id='word_1_147' title='bbox 489 2203 544 2230; x_wconf 89' lang='lat' dir='ltr'>.x.</span> <span class='ocrx_word' id='word_1_148' title='bbox 577 2188 746 2230; x_wconf 89' lang='lat' dir='ltr'>menses</span> <span class='ocrx_word' id='word_1_149' title='bbox 778 2188 846 2242; x_wconf 91' lang='lat' dir='ltr'>.iij.</span> <span class='ocrx_word' id='word_1_150' title='bbox 869 2189 963 2230; x_wconf 90' lang='lat' dir='ltr'>dies</span> 
     </span>
     <span class='ocr_line' id='line_1_36' title="bbox 161 2260 269 2300; baseline 0.009 -13"><span class='ocrx_word' id='word_1_151' title='bbox 161 2260 269 2300; x_wconf 65' lang='lat' dir='ltr'>xxj.</span> 
     </span>
    </p>
   </div>
   <div class='ocr_carea' id='block_1_6' title="bbox 210 2359 918 2460">
    <p class='ocr_par' dir='ltr' id='par_1_6' title="bbox 210 2359 918 2460">
     <span class='ocr_line' id='line_1_37' title="bbox 210 2359 918 2415; baseline -0.001 -13"><span class='ocrx_word' id='word_1_152' title='bbox 210 2363 255 2410; x_wconf 73' lang='lat'>(1</span> <span class='ocrx_word' id='word_1_153' title='bbox 288 2360 375 2402; x_wconf 85' lang='lat' dir='ltr'>Leo</span> <span class='ocrx_word' id='word_1_154' title='bbox 386 2360 562 2415; x_wconf 82' lang='lat' dir='ltr'>primus</span> <span class='ocrx_word' id='word_1_155' title='bbox 572 2367 689 2414; x_wconf 83' lang='lat' dir='ltr'>papa</span> <span class='ocrx_word' id='word_1_156' title='bbox 708 2359 830 2414; x_wconf 85' lang='lat' dir='ltr'>conse</span> <span class='ocrx_word' id='word_1_157' title='bbox 860 2374 918 2402; x_wconf 87' lang='lat' dir='ltr'>or.</span> 
     </span>
     <span class='ocr_line' id='line_1_38' title="bbox 403 2416 728 2460; baseline -0.003 0"><span class='ocrx_word' id='word_1_158' title='bbox 403 2418 549 2460; x_wconf 68' lang='lat' dir='ltr'>Leb&#39;t&#39;io</span> <span class='ocrx_word' id='word_1_159' title='bbox 569 2418 698 2460; x_wconf 79' lang='lat' dir='ltr'>tertia</span> <span class='ocrx_word' id='word_1_160' title='bbox 704 2416 728 2459; x_wconf 85' lang='lat'>¹.</span> 
     </span>
    </p>
   </div>
   <div class='ocr_carea' id='block_1_7' title="bbox 160 2492 966 2837">
    <p class='ocr_par' dir='ltr' id='par_1_7' title="bbox 160 2492 966 2577">
     <span class='ocr_line' id='line_1_39' title="bbox 160 2492 966 2577; baseline -0.001 -42"><span class='ocrx_word' id='word_1_161' title='bbox 160 2493 278 2577; x_wconf 66' lang='grc' dir='ltr'>1-1Ξο</span> <span class='ocrx_word' id='word_1_162' title='bbox 307 2507 424 2548; x_wconf 87' lang='lat' dir='ltr'>papa</span> <span class='ocrx_word' id='word_1_163' title='bbox 454 2493 633 2534; x_wconf 86' lang='lat' dir='ltr'>natione</span> <span class='ocrx_word' id='word_1_164' title='bbox 663 2492 820 2543; x_wconf 90' lang='lat' dir='ltr'>tuscus,</span> <span class='ocrx_word' id='word_1_165' title='bbox 841 2498 966 2547; x_wconf 87' lang='lat' dir='ltr'>patre</span> 
     </span>
    </p>

    <p class='ocr_par' dir='ltr' id='par_1_8' title="bbox 163 2550 966 2837">
     <span class='ocr_line' id='line_1_40' title="bbox 283 2550 966 2606; baseline -0.001 -14"><span class='ocrx_word' id='word_1_166' title='bbox 283 2550 557 2606; x_wconf 81' lang='lat' dir='ltr'>Quintiano⁸,</span> <span class='ocrx_word' id='word_1_167' title='bbox 570 2564 623 2592; x_wconf 91' lang='lat' dir='ltr'>eo</span> <span class='ocrx_word' id='word_1_168' title='bbox 640 2557 840 2604; x_wconf 90' lang='lat' dir='ltr'>tempore</span> <span class='ocrx_word' id='word_1_169' title='bbox 856 2564 966 2605; x_wconf 90' lang='lat' dir='ltr'>pon-</span> 
     </span>
     <span class='ocr_line' id='line_1_41' title="bbox 163 2608 966 2663; baseline -0.001 -13"><span class='ocrx_word' id='word_1_170' title='bbox 163 2608 378 2651; x_wconf 88' lang='lat' dir='ltr'>tificatum</span> <span class='ocrx_word' id='word_1_171' title='bbox 420 2609 553 2663; x_wconf 79' lang='lat' dir='ltr'>gessit,</span> <span class='ocrx_word' id='word_1_172' title='bbox 585 2622 674 2662; x_wconf 92' lang='lat' dir='ltr'>quo</span> <span class='ocrx_word' id='word_1_173' title='bbox 707 2608 854 2650; x_wconf 88' lang='lat' dir='ltr'>Attila</span> <span class='ocrx_word' id='word_1_174' title='bbox 886 2622 966 2650; x_wconf 88' lang='lat' dir='ltr'>rex</span> 
     </span>
     <span class='ocr_line' id='line_1_42' title="bbox 163 2665 965 2721; baseline -0.002 -13"><span class='ocrx_word' id='word_1_175' title='bbox 163 2666 412 2708; x_wconf 86' lang='lat' dir='ltr'>hunnorum</span> <span class='ocrx_word' id='word_1_176' title='bbox 450 2665 674 2721; x_wconf 85' lang='lat' dir='ltr'>flagellum</span> <span class='ocrx_word' id='word_1_177' title='bbox 708 2666 778 2707; x_wconf 90' lang='lat' dir='ltr'>dei</span> <span class='ocrx_word' id='word_1_178' title='bbox 815 2665 965 2720; x_wconf 89' lang='lat' dir='ltr'>appel-</span> 
     </span>
     <span class='ocr_line' id='line_1_43' title="bbox 164 2723 965 2778; baseline 0 -13"><span class='ocrx_word' id='word_1_179' title='bbox 164 2724 290 2771; x_wconf 90' lang='lat' dir='ltr'>latus,</span> <span class='ocrx_word' id='word_1_180' title='bbox 315 2723 567 2778; x_wconf 86' lang='lat' dir='ltr'>Aquileiam</span> <span class='ocrx_word' id='word_1_181' title='bbox 590 2724 732 2778; x_wconf 86' lang='lat' dir='ltr'>primo</span> <span class='ocrx_word' id='word_1_182' title='bbox 755 2724 798 2765; x_wconf 87' lang='lat' dir='ltr'>in</span> <span class='ocrx_word' id='word_1_183' title='bbox 822 2724 965 2765; x_wconf 84' lang='lat' dir='ltr'>Italiae</span> 
     </span>
     <span class='ocr_line' id='line_1_44' title="bbox 165 2781 966 2837; baseline 0 -14"><span class='ocrx_word' id='word_1_184' title='bbox 165 2782 304 2824; x_wconf 92' lang='lat' dir='ltr'>limite</span> <span class='ocrx_word' id='word_1_185' title='bbox 317 2782 512 2837; x_wconf 77' lang='lat' dir='ltr'>positam,</span> <span class='ocrx_word' id='word_1_186' title='bbox 525 2781 620 2836; x_wconf 88' lang='lat' dir='ltr'>post</span> <span class='ocrx_word' id='word_1_187' title='bbox 637 2781 815 2836; x_wconf 86' lang='lat' dir='ltr'>longam</span> <span class='ocrx_word' id='word_1_188' title='bbox 833 2782 966 2823; x_wconf 90' lang='lat' dir='ltr'>trien-</span> 
     </span>
    </p>
   </div>
   <div class='ocr_carea' id='block_1_8' title="bbox 234 2929 674 3070">
    <p class='ocr_par' dir='ltr' id='par_1_9' title="bbox 234 2929 674 3070">
     <span class='ocr_line' id='line_1_45' title="bbox 235 2929 674 2975; baseline 0 -9"><span class='ocrx_word' id='word_1_189' title='bbox 235 2929 246 2951; x_wconf 87' lang='lat'><strong>¹</strong></span> <span class='ocrx_word' id='word_1_190' title='bbox 271 2930 333 2966; x_wconf 82' lang='lat' dir='ltr'>die</span> <span class='ocrx_word' id='word_1_191' title='bbox 350 2930 394 2966; x_wconf 88' lang='lat'>.6.</span> <span class='ocrx_word' id='word_1_192' title='bbox 412 2931 454 2966; x_wconf 86' lang='lat' dir='ltr'>in</span> <span class='ocrx_word' id='word_1_193' title='bbox 473 2942 519 2965; x_wconf 91' lang='lat' dir='ltr'>m.</span> <span class='ocrx_word' id='word_1_194' title='bbox 561 2941 584 2975; x_wconf 91' lang='lat'>9</span> <span class='ocrx_word' id='word_1_195' title='bbox 606 2942 614 2966; x_wconf 75' lang='grc' dir='ltr'>ε</span> <span class='ocrx_word' id='word_1_196' title='bbox 637 2932 674 2966; x_wconf 92' lang='grc' dir='ltr'>Ρ.</span> 
     </span>
     <span class='ocr_line' id='line_1_46' title="bbox 234 2975 540 3013; baseline 0 -1"><span class='ocrx_word' id='word_1_197' title='bbox 234 2975 249 2999; x_wconf 81' lang='lat'>²</span> <span class='ocrx_word' id='word_1_198' title='bbox 273 2977 333 3012; x_wconf 88' lang='lat' dir='ltr'>die</span> <span class='ocrx_word' id='word_1_199' title='bbox 349 2987 416 3012; x_wconf 84' lang='lat'>.11.</span> <span class='ocrx_word' id='word_1_200' title='bbox 435 2978 477 3012; x_wconf 86' lang='lat' dir='ltr'>in</span> <span class='ocrx_word' id='word_1_201' title='bbox 494 2988 540 3013; x_wconf 85' lang='lat' dir='ltr'>m.</span> 
     </span>
     <span class='ocr_line' id='line_1_47' title="bbox 234 3023 668 3070; baseline 0.002 -11"><span class='ocrx_word' id='word_1_202' title='bbox 234 3023 249 3046; x_wconf 77' lang='lat'><strong>⁸</strong></span> <span class='ocrx_word' id='word_1_203' title='bbox 275 3023 520 3070; x_wconf 80' lang='lat' dir='ltr'>Quintiniano</span> <span class='ocrx_word' id='word_1_204' title='bbox 542 3035 550 3060; x_wconf 77' lang='lat' dir='ltr'><strong><em>z</em></strong></span> <span class='ocrx_word' id='word_1_205' title='bbox 571 3025 609 3060; x_wconf 89' lang='lat' dir='ltr'>P.</span> <span class='ocrx_word' id='word_1_206' title='bbox 625 3026 668 3060; x_wconf 82' lang='grc' dir='ltr'>Α.</span> 
     </span>
    </p>
   </div>
   <div class='ocr_carea' id='block_1_9' title="bbox 1025 276 1837 2476">
    <p class='ocr_par' dir='ltr' id='par_1_10' title="bbox 1025 276 1837 2476">
     <span class='ocr_line' id='line_1_48' title="bbox 1028 276 1836 333; baseline -0.006 -12"><span class='ocrx_word' id='word_1_207' title='bbox 1028 279 1088 333; x_wconf 88' lang='lat' dir='ltr'>nij</span> <span class='ocrx_word' id='word_1_208' title='bbox 1122 279 1404 321; x_wconf 85' lang='lat' dir='ltr'>obseffionem</span> <span class='ocrx_word' id='word_1_209' title='bbox 1436 283 1613 331; x_wconf 88' lang='lat' dir='ltr'>captam</span> <span class='ocrx_word' id='word_1_210' title='bbox 1643 276 1836 330; x_wconf 87' lang='lat' dir='ltr'>diripuit,</span> 
     </span>
     <span class='ocr_line' id='line_1_49' title="bbox 1027 335 1831 391; baseline -0.005 -13"><span class='ocrx_word' id='word_1_211' title='bbox 1027 343 1162 391; x_wconf 88' lang='lat' dir='ltr'>atque</span> <span class='ocrx_word' id='word_1_212' title='bbox 1202 336 1410 378; x_wconf 90' lang='lat' dir='ltr'>incendit.</span> <span class='ocrx_word' id='word_1_213' title='bbox 1470 335 1602 377; x_wconf 88' lang='lat' dir='ltr'>Vnde</span> <span class='ocrx_word' id='word_1_214' title='bbox 1640 335 1831 375; x_wconf 87' lang='lat' dir='ltr'>Romam</span> 
     </span>
     <span class='ocr_line' id='line_1_50' title="bbox 1027 392 1836 448; baseline -0.005 -12"><span class='ocrx_word' id='word_1_215' title='bbox 1027 394 1191 436; x_wconf 85' lang='lat' dir='ltr'>infestis</span> <span class='ocrx_word' id='word_1_216' title='bbox 1242 394 1371 448; x_wconf 80' lang='lat' dir='ltr'>signis</span> <span class='ocrx_word' id='word_1_217' title='bbox 1426 392 1737 448; x_wconf 85' lang='lat' dir='ltr'>progredienti,</span> <span class='ocrx_word' id='word_1_218' title='bbox 1791 398 1836 432; x_wconf 92' lang='lat' dir='ltr'>et</span> 
     </span>
     <span class='ocr_line' id='line_1_51' title="bbox 1026 449 1836 507; baseline -0.005 -13"><span class='ocrx_word' id='word_1_219' title='bbox 1026 453 1191 507; x_wconf 56' lang='lat' dir='ltr'>copias</span> <span class='ocrx_word' id='word_1_220' title='bbox 1223 466 1312 506; x_wconf 89' lang='lat' dir='ltr'>qua</span> <span class='ocrx_word' id='word_1_221' title='bbox 1344 451 1536 493; x_wconf 91' lang='lat' dir='ltr'>Mincius</span> <span class='ocrx_word' id='word_1_222' title='bbox 1568 450 1739 492; x_wconf 91' lang='lat' dir='ltr'>Padum</span> <span class='ocrx_word' id='word_1_223' title='bbox 1771 449 1836 490; x_wconf 88' lang='lat' dir='ltr'>in—</span> 
     </span>
     <span class='ocr_line' id='line_1_52' title="bbox 1027 506 1835 564; baseline -0.005 -12"><span class='ocrx_word' id='word_1_224' title='bbox 1027 510 1136 560; x_wconf 89' lang='lat' dir='ltr'>fluit,</span> <span class='ocrx_word' id='word_1_225' title='bbox 1150 510 1351 564; x_wconf 89' lang='lat' dir='ltr'>traijcere</span> <span class='ocrx_word' id='word_1_226' title='bbox 1368 506 1575 563; x_wconf 86' lang='lat' dir='ltr'>paranti⁴.</span> <span class='ocrx_word' id='word_1_227' title='bbox 1618 508 1712 549; x_wconf 92' lang='lat' dir='ltr'>Leo</span> <span class='ocrx_word' id='word_1_228' title='bbox 1726 521 1835 562; x_wconf 91' lang='lat' dir='ltr'>pon-</span> 
     </span>
     <span class='ocr_line' id='line_1_53' title="bbox 1026 565 1834 614; baseline -0.005 -4"><span class='ocrx_word' id='word_1_229' title='bbox 1026 568 1138 610; x_wconf 87' lang='lat' dir='ltr'>tifex</span> <span class='ocrx_word' id='word_1_230' title='bbox 1167 569 1232 610; x_wconf 92' lang='lat' dir='ltr'>vir</span> <span class='ocrx_word' id='word_1_231' title='bbox 1259 565 1543 609; x_wconf 68' lang='lat' dir='ltr'>sanctissimus</span> <span class='ocrx_word' id='word_1_232' title='bbox 1568 566 1767 614; x_wconf 91' lang='lat' dir='ltr'>occurrit,</span> <span class='ocrx_word' id='word_1_233' title='bbox 1789 571 1834 606; x_wconf 91' lang='lat' dir='ltr'>et</span> 
     </span>
     <span class='ocr_line' id='line_1_54' title="bbox 1025 624 1834 680; baseline -0.005 -12"><span class='ocrx_word' id='word_1_234' title='bbox 1025 641 1080 668; x_wconf 89' lang='lat' dir='ltr'>ne</span> <span class='ocrx_word' id='word_1_235' title='bbox 1111 626 1226 668; x_wconf 87' lang='lat' dir='ltr'>vltra</span> <span class='ocrx_word' id='word_1_236' title='bbox 1262 626 1602 680; x_wconf 85' lang='lat' dir='ltr'>progrederetur</span> <span class='ocrx_word' id='word_1_237' title='bbox 1642 637 1728 678; x_wconf 90' lang='lat' dir='ltr'>ope</span> <span class='ocrx_word' id='word_1_238' title='bbox 1768 624 1834 664; x_wconf 93' lang='lat' dir='ltr'>di-</span> 
     </span>
     <span class='ocr_line' id='line_1_55' title="bbox 1027 681 1834 738; baseline -0.005 -12"><span class='ocrx_word' id='word_1_239' title='bbox 1027 685 1130 726; x_wconf 88' lang='lat' dir='ltr'>uina</span> <span class='ocrx_word' id='word_1_240' title='bbox 1151 683 1409 726; x_wconf 86' lang='lat' dir='ltr'>mirabiliter</span> <span class='ocrx_word' id='word_1_241' title='bbox 1430 682 1644 738; x_wconf 87' lang='lat' dir='ltr'>persuafit.</span> <span class='ocrx_word' id='word_1_242' title='bbox 1687 681 1834 723; x_wconf 88' lang='lat' dir='ltr'>Attila</span> 
     </span>
     <span class='ocr_line' id='line_1_56' title="bbox 1027 739 1834 784; baseline -0.004 0"><span class='ocrx_word' id='word_1_243' title='bbox 1027 744 1144 784; x_wconf 91' lang='lat' dir='ltr'>enim</span> <span class='ocrx_word' id='word_1_244' title='bbox 1186 756 1275 784; x_wconf 92' lang='lat' dir='ltr'>non</span> <span class='ocrx_word' id='word_1_245' title='bbox 1309 748 1402 783; x_wconf 90' lang='lat' dir='ltr'>tam</span> <span class='ocrx_word' id='word_1_246' title='bbox 1439 741 1602 782; x_wconf 89' lang='lat' dir='ltr'>Leonis</span> <span class='ocrx_word' id='word_1_247' title='bbox 1634 739 1834 782; x_wconf 92' lang='lat' dir='ltr'>oratione</span> 
     </span>
     <span class='ocr_line' id='line_1_57' title="bbox 1026 797 1834 855; baseline -0.005 -13"><span class='ocrx_word' id='word_1_248' title='bbox 1026 801 1068 842; x_wconf 92' lang='lat' dir='ltr'>se</span> <span class='ocrx_word' id='word_1_249' title='bbox 1113 801 1170 842; x_wconf 91' lang='lat' dir='ltr'>ab</span> <span class='ocrx_word' id='word_1_250' title='bbox 1212 800 1410 842; x_wconf 87' lang='lat' dir='ltr'>instituto</span> <span class='ocrx_word' id='word_1_251' title='bbox 1450 804 1706 855; x_wconf 82' lang='lat' dir='ltr'>reuocatum</span> <span class='ocrx_word' id='word_1_252' title='bbox 1749 797 1834 839; x_wconf 91' lang='lat' dir='ltr'>esse</span> 
     </span>
     <span class='ocr_line' id='line_1_58' title="bbox 1027 855 1834 905; baseline -0.004 -5"><span class='ocrx_word' id='word_1_253' title='bbox 1027 858 1325 900; x_wconf 87' lang='lat' dir='ltr'>incusantibus</span> <span class='ocrx_word' id='word_1_254' title='bbox 1362 857 1515 899; x_wconf 88' lang='lat' dir='ltr'>amicis</span> <span class='ocrx_word' id='word_1_255' title='bbox 1548 856 1730 898; x_wconf 90' lang='lat' dir='ltr'>testatus</span> <span class='ocrx_word' id='word_1_256' title='bbox 1762 855 1834 905; x_wconf 91' lang='lat' dir='ltr'>est,</span> 
     </span>
     <span class='ocr_line' id='line_1_59' title="bbox 1026 911 1834 971; baseline -0.005 -13"><span class='ocrx_word' id='word_1_257' title='bbox 1026 930 1160 971; x_wconf 90' lang='lat' dir='ltr'>quam</span> <span class='ocrx_word' id='word_1_258' title='bbox 1198 917 1386 958; x_wconf 92' lang='lat' dir='ltr'>duorum</span> <span class='ocrx_word' id='word_1_259' title='bbox 1422 916 1614 957; x_wconf 90' lang='lat' dir='ltr'>virorum</span> <span class='ocrx_word' id='word_1_260' title='bbox 1647 911 1834 955; x_wconf 67' lang='lat' dir='ltr'>auctori-</span> 
     </span>
     <span class='ocr_line' id='line_1_60' title="bbox 1026 972 1833 1028; baseline -0.005 -12"><span class='ocrx_word' id='word_1_261' title='bbox 1026 981 1132 1025; x_wconf 91' lang='lat' dir='ltr'>tate,</span> <span class='ocrx_word' id='word_1_262' title='bbox 1148 975 1222 1028; x_wconf 92' lang='lat' dir='ltr'>qui</span> <span class='ocrx_word' id='word_1_263' title='bbox 1245 974 1455 1028; x_wconf 92' lang='lat' dir='ltr'>loquente</span> <span class='ocrx_word' id='word_1_264' title='bbox 1479 973 1641 1021; x_wconf 90' lang='lat' dir='ltr'>Leone,</span> <span class='ocrx_word' id='word_1_265' title='bbox 1663 972 1738 1013; x_wconf 90' lang='lat' dir='ltr'>fibi</span> <span class='ocrx_word' id='word_1_266' title='bbox 1760 972 1833 1014; x_wconf 87' lang='lat' dir='ltr'>vifi</span> 
     </span>
     <span class='ocr_line' id='line_1_61' title="bbox 1026 1029 1833 1086; baseline -0.005 -12"><span class='ocrx_word' id='word_1_267' title='bbox 1026 1032 1173 1081; x_wconf 91' lang='lat' dir='ltr'>essent,</span> <span class='ocrx_word' id='word_1_268' title='bbox 1195 1030 1350 1074; x_wconf 69' lang='lat' dir='ltr'>strictis</span> <span class='ocrx_word' id='word_1_269' title='bbox 1380 1031 1542 1086; x_wconf 88' lang='lat' dir='ltr'>gladijs</span> <span class='ocrx_word' id='word_1_270' title='bbox 1572 1044 1724 1072; x_wconf 91' lang='lat' dir='ltr'>necem</span> <span class='ocrx_word' id='word_1_271' title='bbox 1758 1029 1833 1071; x_wconf 83' lang='lat' dir='ltr'>nisi</span> 
     </span>
     <span class='ocr_line' id='line_1_62' title="bbox 1026 1089 1833 1145; baseline -0.004 -13"><span class='ocrx_word' id='word_1_272' title='bbox 1026 1090 1231 1145; x_wconf 87' lang='lat' dir='ltr'>paruisset</span> <span class='ocrx_word' id='word_1_273' title='bbox 1253 1091 1535 1131; x_wconf 84' lang='lat' dir='ltr'>intentantes.</span> <span class='ocrx_word' id='word_1_274' title='bbox 1600 1089 1661 1130; x_wconf 90' lang='lat' dir='ltr'>Hi</span> <span class='ocrx_word' id='word_1_275' title='bbox 1683 1094 1833 1129; x_wconf 92' lang='lat' dir='ltr'>autem</span> 
     </span>
     <span class='ocr_line' id='line_1_63' title="bbox 1031 1146 1834 1201; baseline -0.004 -11"><span class='ocrx_word' id='word_1_276' title='bbox 1031 1149 1183 1190; x_wconf 88' lang='lat' dir='ltr'>Petrus</span> <span class='ocrx_word' id='word_1_277' title='bbox 1224 1154 1269 1190; x_wconf 94' lang='lat' dir='ltr'>et</span> <span class='ocrx_word' id='word_1_278' title='bbox 1302 1148 1463 1189; x_wconf 92' lang='lat' dir='ltr'>Paulus</span> <span class='ocrx_word' id='word_1_279' title='bbox 1496 1146 1680 1201; x_wconf 90' lang='lat' dir='ltr'>apostoli</span> <span class='ocrx_word' id='word_1_280' title='bbox 1713 1146 1834 1188; x_wconf 89' lang='lat' dir='ltr'>fuisse</span> 
     </span>
     <span class='ocr_line' id='line_1_64' title="bbox 1026 1203 1835 1253; baseline -0.004 -5"><span class='ocrx_word' id='word_1_281' title='bbox 1026 1208 1180 1248; x_wconf 89' lang='lat' dir='ltr'>crediti</span> <span class='ocrx_word' id='word_1_282' title='bbox 1212 1206 1319 1247; x_wconf 91' lang='lat' dir='ltr'>sunt.</span> <span class='ocrx_word' id='word_1_283' title='bbox 1382 1206 1452 1247; x_wconf 90' lang='lat' dir='ltr'>Ita</span> <span class='ocrx_word' id='word_1_284' title='bbox 1484 1203 1650 1247; x_wconf 66' lang='lat' dir='ltr'>factum</span> <span class='ocrx_word' id='word_1_285' title='bbox 1682 1204 1754 1253; x_wconf 87' lang='lat' dir='ltr'>est,</span> <span class='ocrx_word' id='word_1_286' title='bbox 1786 1209 1835 1246; x_wconf 90' lang='lat' dir='ltr'>vt</span> 
     </span>
     <span class='ocr_line' id='line_1_65' title="bbox 1027 1262 1832 1306; baseline -0.004 0"><span class='ocrx_word' id='word_1_287' title='bbox 1027 1265 1175 1306; x_wconf 85' lang='lat' dir='ltr'>Attila</span> <span class='ocrx_word' id='word_1_288' title='bbox 1203 1265 1247 1305; x_wconf 91' lang='lat' dir='ltr'>in</span> <span class='ocrx_word' id='word_1_289' title='bbox 1278 1263 1553 1305; x_wconf 88' lang='lat' dir='ltr'>Pannoniam</span> <span class='ocrx_word' id='word_1_290' title='bbox 1586 1262 1832 1305; x_wconf 88' lang='lat' dir='ltr'>exercitum</span> 
     </span>
     <span class='ocr_line' id='line_1_66' title="bbox 1028 1322 1833 1372; baseline -0.001 -9"><span class='ocrx_word' id='word_1_291' title='bbox 1028 1322 1266 1372; x_wconf 85' lang='lat' dir='ltr'>reduceret,</span> <span class='ocrx_word' id='word_1_292' title='bbox 1331 1322 1424 1363; x_wconf 94' lang='lat' dir='ltr'>Leo</span> <span class='ocrx_word' id='word_1_293' title='bbox 1487 1322 1681 1362; x_wconf 86' lang='lat' dir='ltr'>Romam</span> <span class='ocrx_word' id='word_1_294' title='bbox 1732 1334 1833 1362; x_wconf 91' lang='lat' dir='ltr'>cum</span> 
     </span>
     <span class='ocr_line' id='line_1_67' title="bbox 1029 1378 1834 1435; baseline -0.004 -13"><span class='ocrx_word' id='word_1_295' title='bbox 1029 1394 1194 1435; x_wconf 86' lang='lat' dir='ltr'>magno</span> <span class='ocrx_word' id='word_1_296' title='bbox 1245 1379 1472 1433; x_wconf 90' lang='lat' dir='ltr'>triumpho</span> <span class='ocrx_word' id='word_1_297' title='bbox 1514 1379 1684 1420; x_wconf 87' lang='lat' dir='ltr'>rediret.</span> <span class='ocrx_word' id='word_1_298' title='bbox 1745 1378 1834 1420; x_wconf 90' lang='lat' dir='ltr'>Vbi</span> 
     </span>
     <span class='ocr_line' id='line_1_68' title="bbox 1027 1437 1835 1486; baseline -0.002 -6"><span class='ocrx_word' id='word_1_299' title='bbox 1027 1445 1147 1480; x_wconf 91' lang='lat' dir='ltr'>totus</span> <span class='ocrx_word' id='word_1_300' title='bbox 1199 1439 1255 1480; x_wconf 90' lang='lat' dir='ltr'>ad</span> <span class='ocrx_word' id='word_1_301' title='bbox 1303 1437 1665 1486; x_wconf 88' lang='lat' dir='ltr'>confirmandam,</span> <span class='ocrx_word' id='word_1_302' title='bbox 1709 1442 1835 1478; x_wconf 85' lang='lat' dir='ltr'>tuen-</span> 
     </span>
     <span class='ocr_line' id='line_1_69' title="bbox 1028 1495 1834 1550; baseline -0.002 -12"><span class='ocrx_word' id='word_1_303' title='bbox 1028 1497 1222 1550; x_wconf 90' lang='lat' dir='ltr'>damque</span> <span class='ocrx_word' id='word_1_304' title='bbox 1262 1495 1529 1537; x_wconf 89' lang='lat' dir='ltr'>catholicam</span> <span class='ocrx_word' id='word_1_305' title='bbox 1564 1495 1698 1536; x_wconf 87' lang='lat' dir='ltr'>fidem</span> <span class='ocrx_word' id='word_1_306' title='bbox 1731 1508 1834 1536; x_wconf 90' lang='lat' dir='ltr'>con-</span> 
     </span>
     <span class='ocr_line' id='line_1_70' title="bbox 1027 1553 1835 1608; baseline -0.002 -13"><span class='ocrx_word' id='word_1_307' title='bbox 1027 1555 1237 1596; x_wconf 87' lang='lat' dir='ltr'>uertitur:</span> <span class='ocrx_word' id='word_1_308' title='bbox 1290 1568 1389 1608; x_wconf 85' lang='lat' dir='ltr'>quae</span> <span class='ocrx_word' id='word_1_309' title='bbox 1430 1559 1525 1594; x_wconf 92' lang='lat' dir='ltr'>tum</span> <span class='ocrx_word' id='word_1_310' title='bbox 1567 1553 1835 1607; x_wconf 84' lang='lat' dir='ltr'>potiffimum</span> 
     </span>
     <span class='ocr_line' id='line_1_71' title="bbox 1028 1611 1835 1665; baseline -0.004 -11"><span class='ocrx_word' id='word_1_311' title='bbox 1028 1611 1053 1654; x_wconf 72' lang='lat' dir='ltr'>a</span> <span class='ocrx_word' id='word_1_312' title='bbox 1069 1612 1218 1654; x_wconf 91' lang='lat' dir='ltr'>multis</span> <span class='ocrx_word' id='word_1_313' title='bbox 1240 1612 1456 1654; x_wconf 84' lang='lat' dir='ltr'>haereticis</span> <span class='ocrx_word' id='word_1_314' title='bbox 1479 1611 1835 1665; x_wconf 89' lang='lat' dir='ltr'>impugnabatur,</span> 
     </span>
     <span class='ocr_line' id='line_1_72' title="bbox 1028 1669 1835 1725; baseline -0.004 -13"><span class='ocrx_word' id='word_1_315' title='bbox 1028 1671 1250 1725; x_wconf 69' lang='lat' dir='ltr'>praecipue</span> <span class='ocrx_word' id='word_1_316' title='bbox 1271 1669 1298 1711; x_wconf 76' lang='lat' dir='ltr'>a</span> <span class='ocrx_word' id='word_1_317' title='bbox 1327 1669 1609 1718; x_wconf 89' lang='lat' dir='ltr'>Nestorianis,</span> <span class='ocrx_word' id='word_1_318' title='bbox 1632 1675 1677 1710; x_wconf 93' lang='lat' dir='ltr'>et</span> <span class='ocrx_word' id='word_1_319' title='bbox 1710 1669 1835 1710; x_wconf 85' lang='lat' dir='ltr'>Euti-</span> 
     </span>
     <span class='ocr_line' id='line_1_73' title="bbox 1028 1726 1835 1783; baseline -0.002 -13"><span class='ocrx_word' id='word_1_320' title='bbox 1028 1729 1207 1778; x_wconf 88' lang='lat' dir='ltr'>chianis,</span> <span class='ocrx_word' id='word_1_321' title='bbox 1232 1729 1307 1783; x_wconf 89' lang='lat' dir='ltr'>qui</span> <span class='ocrx_word' id='word_1_322' title='bbox 1335 1729 1376 1769; x_wconf 90' lang='lat' dir='ltr'>in</span> <span class='ocrx_word' id='word_1_323' title='bbox 1406 1726 1609 1769; x_wconf 84' lang='lat' dir='ltr'>concilio⁶</span> <span class='ocrx_word' id='word_1_324' title='bbox 1634 1726 1835 1768; x_wconf 87' lang='lat' dir='ltr'>calcedo-</span> 
     </span>
     <span class='ocr_line' id='line_1_74' title="bbox 1029 1785 1834 1828; baseline -0.002 0"><span class='ocrx_word' id='word_1_325' title='bbox 1029 1786 1146 1828; x_wconf 85' lang='lat' dir='ltr'>nensl</span> <span class='ocrx_word' id='word_1_326' title='bbox 1202 1793 1307 1828; x_wconf 90' lang='lat' dir='ltr'>tunc</span> <span class='ocrx_word' id='word_1_327' title='bbox 1358 1785 1582 1827; x_wconf 89' lang='lat' dir='ltr'>celebrato</span> <span class='ocrx_word' id='word_1_328' title='bbox 1633 1785 1834 1826; x_wconf 88' lang='lat' dir='ltr'>damnati</span> 
     </span>
     <span class='ocr_line' id='line_1_75' title="bbox 1029 1843 1835 1886; baseline -0.002 0"><span class='ocrx_word' id='word_1_329' title='bbox 1029 1844 1136 1886; x_wconf 90' lang='lat' dir='ltr'>sunt.</span> <span class='ocrx_word' id='word_1_330' title='bbox 1221 1844 1310 1886; x_wconf 90' lang='lat' dir='ltr'>Vbi</span> <span class='ocrx_word' id='word_1_331' title='bbox 1377 1850 1421 1885; x_wconf 90' lang='lat' dir='ltr'>et</span> <span class='ocrx_word' id='word_1_332' title='bbox 1483 1843 1835 1885; x_wconf 85' lang='lat' dir='ltr'>Manichaeorum</span> 
     </span>
     <span class='ocr_line' id='line_1_76' title="bbox 1030 1901 1834 1944; baseline -0.002 -1"><span class='ocrx_word' id='word_1_333' title='bbox 1030 1902 1127 1944; x_wconf 92' lang='lat' dir='ltr'>libri</span> <span class='ocrx_word' id='word_1_334' title='bbox 1178 1902 1355 1944; x_wconf 88' lang='lat' dir='ltr'>suerunt</span> <span class='ocrx_word' id='word_1_335' title='bbox 1406 1901 1574 1942; x_wconf 83' lang='lat' dir='ltr'>incenfi.</span> <span class='ocrx_word' id='word_1_336' title='bbox 1650 1901 1834 1942; x_wconf 90' lang='lat' dir='ltr'>Interim</span> 
     </span>
     <span class='ocr_line' id='line_1_77' title="bbox 1028 1959 1837 2002; baseline -0.002 -1"><span class='ocrx_word' id='word_1_337' title='bbox 1028 1974 1132 2002; x_wconf 91' lang='lat' dir='ltr'>vero</span> <span class='ocrx_word' id='word_1_338' title='bbox 1160 1974 1261 2002; x_wconf 90' lang='lat' dir='ltr'>cum</span> <span class='ocrx_word' id='word_1_339' title='bbox 1284 1959 1478 2001; x_wconf 90' lang='lat' dir='ltr'>Vandali</span> <span class='ocrx_word' id='word_1_340' title='bbox 1510 1959 1703 2000; x_wconf 89' lang='lat' dir='ltr'>Romam</span> <span class='ocrx_word' id='word_1_341' title='bbox 1734 1959 1837 2000; x_wconf 89' lang='lat' dir='ltr'>diri-</span> 
     </span>
     <span class='ocr_line' id='line_1_78' title="bbox 1030 2016 1836 2072; baseline -0.002 -13"><span class='ocrx_word' id='word_1_342' title='bbox 1030 2018 1230 2072; x_wconf 89' lang='lat' dir='ltr'>puissent,</span> <span class='ocrx_word' id='word_1_343' title='bbox 1263 2031 1314 2059; x_wconf 92' lang='lat' dir='ltr'>ac</span> <span class='ocrx_word' id='word_1_344' title='bbox 1355 2017 1524 2070; x_wconf 90' lang='lat' dir='ltr'>templa</span> <span class='ocrx_word' id='word_1_345' title='bbox 1565 2016 1836 2071; x_wconf 89' lang='lat' dir='ltr'>spoliassent:</span> 
     </span>
     <span class='ocr_line' id='line_1_79' title="bbox 1030 2074 1836 2129; baseline -0.002 -12"><span class='ocrx_word' id='word_1_346' title='bbox 1030 2077 1148 2117; x_wconf 91' lang='lat' dir='ltr'>vrbis</span> <span class='ocrx_word' id='word_1_347' title='bbox 1184 2090 1235 2117; x_wconf 87' lang='lat' dir='ltr'>ac</span> <span class='ocrx_word' id='word_1_348' title='bbox 1269 2075 1538 2129; x_wconf 86' lang='lat' dir='ltr'>templorum</span> <span class='ocrx_word' id='word_1_349' title='bbox 1571 2074 1836 2128; x_wconf 89' lang='lat' dir='ltr'>reparationi</span> 
     </span>
     <span class='ocr_line' id='line_1_80' title="bbox 1032 2132 1835 2182; baseline -0.001 -8"><span class='ocrx_word' id='word_1_350' title='bbox 1032 2135 1190 2175; x_wconf 91' lang='lat' dir='ltr'>mirum</span> <span class='ocrx_word' id='word_1_351' title='bbox 1214 2134 1257 2174; x_wconf 90' lang='lat' dir='ltr'>in</span> <span class='ocrx_word' id='word_1_352' title='bbox 1281 2134 1464 2174; x_wconf 90' lang='lat' dir='ltr'>modum</span> <span class='ocrx_word' id='word_1_353' title='bbox 1495 2133 1702 2182; x_wconf 85' lang='lat' dir='ltr'>intentus,</span> <span class='ocrx_word' id='word_1_354' title='bbox 1726 2132 1835 2173; x_wconf 91' lang='lat' dir='ltr'>mul-</span> 
     </span>
     <span class='ocr_line' id='line_1_81' title="bbox 1030 2189 1836 2245; baseline -0.002 -12"><span class='ocrx_word' id='word_1_355' title='bbox 1030 2193 1086 2233; x_wconf 92' lang='lat' dir='ltr'>tis</span> <span class='ocrx_word' id='word_1_356' title='bbox 1114 2190 1531 2245; x_wconf 80' lang='lat' dir='ltr'>praeclarissimisque</span> <span class='ocrx_word' id='word_1_357' title='bbox 1553 2190 1683 2231; x_wconf 90' lang='lat' dir='ltr'>rebus</span> <span class='ocrx_word' id='word_1_358' title='bbox 1704 2189 1836 2244; x_wconf 86' lang='lat' dir='ltr'>gestis</span> 
     </span>
     <span class='ocr_line' id='line_1_82' title="bbox 1032 2247 1836 2297; baseline -0.002 -7"><span class='ocrx_word' id='word_1_359' title='bbox 1032 2250 1227 2297; x_wconf 86' lang='lat' dir='ltr'>moritur,</span> <span class='ocrx_word' id='word_1_360' title='bbox 1260 2255 1304 2290; x_wconf 91' lang='lat' dir='ltr'>et</span> <span class='ocrx_word' id='word_1_361' title='bbox 1336 2249 1379 2290; x_wconf 90' lang='lat' dir='ltr'>in</span> <span class='ocrx_word' id='word_1_362' title='bbox 1413 2248 1529 2289; x_wconf 92' lang='lat' dir='ltr'>Petri</span> <span class='ocrx_word' id='word_1_363' title='bbox 1570 2247 1745 2289; x_wconf 81' lang='lat' dir='ltr'>bafilica</span> <span class='ocrx_word' id='word_1_364' title='bbox 1777 2247 1836 2289; x_wconf 90' lang='lat' dir='ltr'>se-</span> 
     </span>
     <span class='ocr_line' id='line_1_83' title="bbox 1033 2306 1836 2362; baseline -0.001 -14"><span class='ocrx_word' id='word_1_365' title='bbox 1033 2307 1193 2362; x_wconf 89' lang='lat' dir='ltr'>pelitur</span> <span class='ocrx_word' id='word_1_366' title='bbox 1242 2306 1312 2360; x_wconf 89' lang='lat' dir='ltr'>.iij.</span> <span class='ocrx_word' id='word_1_367' title='bbox 1364 2306 1462 2347; x_wconf 89' lang='lat' dir='ltr'>idus</span> <span class='ocrx_word' id='word_1_368' title='bbox 1513 2306 1694 2360; x_wconf 90' lang='lat' dir='ltr'>Aprilis.</span> <span class='ocrx_word' id='word_1_369' title='bbox 1735 2319 1836 2347; x_wconf 92' lang='lat' dir='ltr'>cum</span> 
     </span>
     <span class='ocr_line' id='line_1_84' title="bbox 1034 2364 1836 2407; baseline -0.002 0"><span class='ocrx_word' id='word_1_370' title='bbox 1034 2364 1203 2407; x_wconf 87' lang='lat' dir='ltr'>sedisset</span> <span class='ocrx_word' id='word_1_371' title='bbox 1225 2378 1364 2406; x_wconf 90' lang='lat' dir='ltr'>annos</span> <span class='ocrx_word' id='word_1_372' title='bbox 1386 2377 1521 2406; x_wconf 91' lang='lat' dir='ltr'>vnum</span> <span class='ocrx_word' id='word_1_373' title='bbox 1544 2370 1589 2406; x_wconf 88' lang='lat' dir='ltr'>et</span> <span class='ocrx_word' id='word_1_374' title='bbox 1612 2378 1692 2406; x_wconf 86' lang='lat' dir='ltr'>xx.</span> <span class='ocrx_word' id='word_1_375' title='bbox 1715 2377 1836 2406; x_wconf 91' lang='lat' dir='ltr'>men-</span> 
     </span>
     <span class='ocr_line' id='line_1_85' title="bbox 1034 2421 1536 2476; baseline -0.002 -12"><span class='ocrx_word' id='word_1_376' title='bbox 1034 2422 1122 2464; x_wconf 90' lang='lat' dir='ltr'>sem</span> <span class='ocrx_word' id='word_1_377' title='bbox 1143 2436 1291 2465; x_wconf 88' lang='lat' dir='ltr'>vnum.</span> <span class='ocrx_word' id='word_1_378' title='bbox 1313 2422 1407 2464; x_wconf 92' lang='lat' dir='ltr'>dies</span> <span class='ocrx_word' id='word_1_379' title='bbox 1431 2421 1536 2476; x_wconf 87' lang='lat' dir='ltr'>.xiij.</span> 
     </span>
    </p>
   </div>
   <div class='ocr_carea' id='block_1_10' title="bbox 1044 2531 1837 2748">
    <p class='ocr_par' dir='ltr' id='par_1_11' title="bbox 1044 2531 1837 2748">
     <span class='ocr_line' id='line_1_86' title="bbox 1056 2531 1807 2588; baseline 0 -13"><span class='ocrx_word' id='word_1_380' title='bbox 1056 2535 1101 2582; x_wconf 69' lang='grc' dir='ltr'>ΙΙ</span> <span class='ocrx_word' id='word_1_381' title='bbox 1134 2532 1327 2588; x_wconf 83' lang='lat' dir='ltr'>Iustinus</span> <span class='ocrx_word' id='word_1_382' title='bbox 1335 2531 1607 2587; x_wconf 71' lang='lat' dir='ltr'>philosophus</span> <span class='ocrx_word' id='word_1_383' title='bbox 1628 2539 1807 2588; x_wconf 85' lang='lat' dir='ltr'>martyr.</span> 
     </span>
     <span class='ocr_line' id='line_1_87' title="bbox 1268 2589 1596 2655; baseline 0 -23"><span class='ocrx_word' id='word_1_384' title='bbox 1268 2590 1414 2655; x_wconf 56' lang='lat' dir='ltr'>LqHz‘o</span> <span class='ocrx_word' id='word_1_385' title='bbox 1435 2591 1564 2632; x_wconf 83' lang='lat' dir='ltr'>tertia</span> <span class='ocrx_word' id='word_1_386' title='bbox 1572 2589 1596 2633; x_wconf 80' lang='lat'>⁶.</span> 
     </span>
     <span class='ocr_line' id='line_1_88' title="bbox 1044 2664 1837 2748; baseline 0 -41"><span class='ocrx_word' id='word_1_387' title='bbox 1044 2664 1264 2748; x_wconf 82' lang='lat' dir='ltr'>IVstinus</span> <span class='ocrx_word' id='word_1_388' title='bbox 1283 2665 1473 2720; x_wconf 91' lang='lat' dir='ltr'>Neapoli</span> <span class='ocrx_word' id='word_1_389' title='bbox 1489 2671 1619 2707; x_wconf 90' lang='lat' dir='ltr'>natus</span> <span class='ocrx_word' id='word_1_390' title='bbox 1637 2666 1680 2707; x_wconf 92' lang='lat' dir='ltr'>in</span> <span class='ocrx_word' id='word_1_391' title='bbox 1697 2665 1837 2707; x_wconf 89' lang='lat' dir='ltr'>Pales-</span> 
     </span>
    </p>
   </div>
   <div class='ocr_carea' id='block_1_11' title="bbox 1032 2722 1840 2837">
    <p class='ocr_par' dir='ltr' id='par_1_12' title="bbox 1032 2722 1840 2837">
     <span class='ocr_line' id='line_1_89' title="bbox 1117 2722 1838 2778; baseline 0.001 -14"><span class='ocrx_word' id='word_1_392' title='bbox 1117 2723 1210 2765; x_wconf 87' lang='lat' dir='ltr'>tina</span> <span class='ocrx_word' id='word_1_393' title='bbox 1238 2722 1522 2778; x_wconf 90' lang='lat' dir='ltr'>philosophus</span> <span class='ocrx_word' id='word_1_394' title='bbox 1545 2723 1627 2765; x_wconf 89' lang='lat' dir='ltr'>fuit</span> <span class='ocrx_word' id='word_1_395' title='bbox 1649 2723 1838 2778; x_wconf 90' lang='lat' dir='ltr'>platoni—</span> 
     </span>
     <span class='ocr_line' id='line_1_90' title="bbox 1032 2779 1840 2837; baseline 0.001 -15"><span class='ocrx_word' id='word_1_396' title='bbox 1032 2795 1120 2823; x_wconf 89' lang='lat' dir='ltr'>cus.</span> <span class='ocrx_word' id='word_1_397' title='bbox 1168 2780 1257 2836; x_wconf 82' lang='lat' dir='ltr'>Qui</span> <span class='ocrx_word' id='word_1_398' title='bbox 1273 2779 1416 2823; x_wconf 64' lang='lat' dir='ltr'>sactus</span> <span class='ocrx_word' id='word_1_399' title='bbox 1432 2781 1689 2823; x_wconf 87' lang='lat' dir='ltr'>christianus</span> <span class='ocrx_word' id='word_1_400' title='bbox 1706 2781 1840 2837; x_wconf 86' lang='lat' dir='ltr'>pluri-</span> 
     </span>
    </p>
   </div>
   <div class='ocr_carea' id='block_1_12' title="bbox 1104 2929 1400 3070">
    <p class='ocr_par' dir='ltr' id='par_1_13' title="bbox 1104 2929 1400 3070">
     <span class='ocr_line' id='line_1_91' title="bbox 1105 2929 1379 2976; baseline -0.004 -10"><span class='ocrx_word' id='word_1_401' title='bbox 1105 2929 1119 2952; x_wconf 88' lang='lat'><strong>⁴</strong></span> <span class='ocrx_word' id='word_1_402' title='bbox 1144 2930 1287 2976; x_wconf 86' lang='lat' dir='ltr'>parenti</span> <span class='ocrx_word' id='word_1_403' title='bbox 1312 2942 1319 2965; x_wconf 89' lang='lat'>:</span> <span class='ocrx_word' id='word_1_404' title='bbox 1341 2931 1379 2966; x_wconf 90' lang='lat' dir='ltr'>P.</span> 
     </span>
     <span class='ocr_line' id='line_1_92' title="bbox 1104 2976 1383 3013; baseline 0.004 -1"><span class='ocrx_word' id='word_1_405' title='bbox 1104 2976 1120 2999; x_wconf 77' lang='lat'><strong>⁶</strong></span> <span class='ocrx_word' id='word_1_406' title='bbox 1143 2977 1293 3013; x_wconf 79' lang='lat' dir='ltr'>consilio</span> <span class='ocrx_word' id='word_1_407' title='bbox 1317 2989 1325 3013; x_wconf 73' lang='grc' dir='ltr'>ε</span> <span class='ocrx_word' id='word_1_408' title='bbox 1346 2978 1383 3013; x_wconf 88' lang='lat' dir='ltr'>P.</span> 
     </span>
     <span class='ocr_line' id='line_1_93' title="bbox 1105 3023 1400 3070; baseline 0 -10"><span class='ocrx_word' id='word_1_409' title='bbox 1105 3023 1119 3046; x_wconf 84' lang='lat'>⁶</span> <span class='ocrx_word' id='word_1_410' title='bbox 1144 3024 1204 3060; x_wconf 91' lang='lat' dir='ltr'>die</span> <span class='ocrx_word' id='word_1_411' title='bbox 1226 3034 1277 3070; x_wconf 89' lang='lat'>13.</span> <span class='ocrx_word' id='word_1_412' title='bbox 1296 3025 1337 3060; x_wconf 82' lang='lat' dir='ltr'>in</span> <span class='ocrx_word' id='word_1_413' title='bbox 1354 3036 1400 3060; x_wconf 89' lang='lat' dir='ltr'>m.</span> 
     </span>
    </p>
   </div>
  </div>
 </body>
</html>
