2066 3392
1017 199 1111 241 xlvi

985 341 996 366 1
1150 342 1189 366 12
1359 343 1378 367 2
1528 344 1563 369 11
1737 345 1756 370 2

365 400 591 446 Septembris
961 412 1002 437 10
1149 412 1161 438 1
1170 412 1189 437 2
1527 414 1540 439 1
1548 414 1567 439 2

859 333 883 529 {
957 482 1002 507 20
1151 449 1186 508 1⁵1
1359 483 1379 509 2
1527 484 1567 509 12
1735 485 1755 511 2

982 587 995 611 1
1149 587 1185 612 11
1270 620 1273 623 ἱ
1525 588 1566 623 13

366 645 533 681 Οέῖούηέ
959 657 1001 682 10
1147 657 1190 682 10
1357 657 1378 683 2
1525 659 1567 694 13
1734 660 1755 686 2

856 577 883 775 l
954 727 1000 752 20
1147 728 1190 752 10
1525 729 1567 763 14

982 831 995 856 1
1166 832 1188 867 9
1356 832 1377 868 3
1524 833 1567 867 14
1736 834 1751 860 1

362 890 588 926 Nouembris
958 902 1000 927 10
1165 902 1189 938 9
1355 903 1376 927 2
1524 903 1566 937 14
1733 905 1753 930 2

856 824 882 1020 ἶ
954 973 1000 998 2ο
1165 973 1188 1007 9
1360 973 1372 998 ι
1524 973 1567 1007 14
1732 975 1754 1010 3

979 1076 992 1101 1
1163 1077 1187 1112 9
1523 1076 1562 1113 15

361 1135 575 1171 Decembris
956 1146 998 1171 10
1163 1147 1186 1182 9
1522 1148 1536 1173 1
1543 1146 1561 1184 5

853 1067 880 1266 {
951 1217 996 1242 20
1162 1218 1185 1253 9
1265 1200 1272 1205 ’
1522 1218 1558 1255 ¹5

430 1323 595 1370 Martij¹
799 1335 811 1359 1
850 1323 872 1447 }

898 1372 1138 1418 Equinas‘zia.

432 1418 657 1464 Septembris
753 1428 765 1453 1
774 1417 839 1463 36²

430 1522 531 1556 Iuni.
777 1533 813 1557 11

615 1617 622 1624 ,
851 1537 873 1659 }
901 1569 1079 1614 Sossz'tla.

429 1616 640 1651 Decembrzs
776 1626 812 1651 11

755 1875 807 1921 (Ι
843 1876 974 1912 Canon
1000 1877 1136 1913 tabuloe
1152 1880 1355 1924 perpetuae.

290 1976 344 2021 (I
387 1979 445 2013 Ex
471 1977 703 2023 infrascripta
735 1978 864 2013 tabula
897 1977 943 2013 fic
977 1978 1067 2013 festa
1100 1978 1256 2014 mobilia
1290 1979 1440 2024 singulis
1473 1980 1584 2015 annis
1611 1980 1892 2025 deprehendere

217 2025 369 2072 poteris.
422 2026 465 2060 In
495 2026 617 2071 primo
650 2036 891 2060 numerorum
925 2025 1055 2060 ordine
1092 2026 1155 2071 qui
1189 2026 1399 2061 inscribitur
1427 2038 1561 2062 aureus
1590 2039 1767 2063 numerus
1801 2029 1891 2064 anni

216 2073 322 2108 cuius
349 2072 438 2107 festa
467 2073 725 2118 perquirimus.
754 2083 908 2107 aureum
932 2083 1129 2107 numerum
1159 2079 1345 2117 notamus,
1376 2080 1414 2109 et
1442 2074 1512 2109 sub
1538 2085 1583 2109 eo
1612 2075 1775 2111 eiusdem
1802 2076 1890 2111 anni

217 2119 483 2155 dominicalem
508 2119 655 2154 literam
684 2119 806 2153 eidem
836 2131 991 2153 numero
1021 2120 1297 2165 proximiorem,
1327 2120 1393 2155 sub
1416 2132 1461 2155 eo
1482 2121 1662 2166 inquam:
1687 2134 1778 2157 nam
1803 2134 1889 2168 quae

214 2179 235 2202 e
262 2167 413 2211 regione
440 2167 584 2201 numeri
615 2167 665 2201 est
698 2167 821 2201 eidem
854 2178 1012 2201 numero
1045 2178 1121 2200 non
1156 2167 1305 2202 inseruit
1338 2168 1401 2202 sed
1431 2168 1690 2213 superioribus.
1743 2170 1890 2215 Quibus

216 2214 261 2248 fic
288 2214 507 2257 constitutis,
541 2213 589 2247 ad
614 2214 805 2247 dexteram
834 2225 853 2247 e
883 2214 1035 2257 regione
1069 2214 1148 2248 eius
1179 2214 1415 2249 dominicalis
1443 2216 1561 2250 literae
1594 2216 1640 2251 fic
1674 2216 1890 2253 adinuentae

215 2261 305 2296 festa
334 2261 461 2295 omnia
489 2261 645 2295 mobilia
672 2261 736 2295 sub
766 2260 838 2295 suis
867 2260 1008 2305 fingula
1041 2261 1157 2296 titulis
1187 2262 1437 2297 inueniuntur,
1512 2263 1701 2298 Caeterum
1735 2275 1821 2298 curn
1849 2264 1889 2299 in

215 2320 315 2343 anno
349 2308 517 2342 bissextili
552 2308 689 2353 duplex
723 2307 884 2342 occurrit
917 2308 1024 2342 litera
1057 2308 1307 2352 dominicalis,
1341 2309 1433 2344 feria
1467 2315 1603 2355 quarta
1638 2311 1818 2355 cinerum,
1850 2318 1889 2347 et

215 2367 300 2400 quae
328 2355 441 2390 citra3
470 2366 550 2389 eam
584 2355 620 2388 in
649 2355 777 2389 tabula
809 2355 934 2389 locata
965 2355 1046 2389 sunt
1076 2367 1143 2400 per
1171 2356 1333 2400 priorem
1361 2356 1439 2391 eius
1468 2357 1556 2391 anni
1585 2357 1733 2392 literam
1761 2358 1888 2404 exqui-

215 2411 354 2436 runtur.
408 2402 568 2446 Reliqua
591 2413 657 2447 per
678 2402 931 2446 posteriorem,
955 2402 1017 2437 sed
1040 2402 1110 2436 has
1134 2403 1228 2438 duas
1251 2403 1380 2437 literas
1403 2404 1581 2448 proximis
1606 2404 1768 2439 inuicem
1793 2405 1887 2441 locis

214 2450 252 2484 in
281 2449 409 2484 tabula
436 2449 584 2483 fituatas
620 2450 788 2493 accipere
821 2455 979 2494 oportet,
1010 2449 1062 2484 ita
1090 2456 1130 2484 vt
1158 2456 1291 2484 neutra
1324 2461 1452 2484 earum
1479 2451 1520 2486 fit
1553 2462 1575 2486 e
1603 2451 1755 2495 regione
1785 2453 1887 2488 aurei

214 2496 370 2539 numeri,
406 2496 726 2540 quemadmodum
764 2496 812 2530 de
846 2496 957 2530 vnica
990 2496 1207 2531 dominicali
1240 2497 1349 2532 litera
1382 2495 1524 2531 dietum
1558 2498 1609 2533 est
1642 2498 1703 2533 sed
1738 2505 1774 2534 et
1806 2499 1888 2535 dies

213 2543 379 2579 cinerum
408 2543 432 2576 fi
462 2542 499 2576 in
534 2543 656 2577 mense
689 2542 816 2587 Martij
852 2543 986 2578 eodem
1020 2554 1120 2579 anno
1155 2544 1325 2579 bissextili
1360 2544 1533 2580 inciderit
1566 2545 1628 2580 die
1658 2556 1732 2580 vno
1765 2546 1814 2581 ab
1841 2557 1887 2582 eo

214 2590 276 2637 qui
303 2590 341 2624 in
366 2590 495 2625 tabula
520 2590 675 2635 scriptus
704 2591 753 2624 est
780 2590 920 2625 retrahi
951 2590 1073 2626 debet.

297 2748 309 2768 1
602 2750 730 2791 Martis
885 2759 922 2782 10

333 2793 538 2834 Equinoaia
1385 2795 1398 2814 ²
1425 2806 1474 2838 ¹3·
1522 2797 1563 2827 R.
1583 2797 1625 2827 Α.

602 2837 798 2878 Septembris
883 2847 919 2878 13
1382 2861 1395 2881 3
1418 2862 1505 2894 Circa
1533 2874 1540 2894 ἶ
1567 2863 1609 2894 Β.
1629 2863 1665 2894 Ρ·
1688 2863 1731 2894 Α.

599 2911 702 2952 lunis*
882 2922 892 2942 1
904 2922 915 2942 1

332 2953 489 2994 Solstitia.
497 2980 502 2985 .
511 2979 515 2985 .
525 2979 530 2984 .

599 2997 782 3029 Decembris
881 3009 889 3029 1
904 3008 911 3029 ι
1009 2996 1043 3027 Γ.
