2066 3392
264 210 347 253 190

259 290 382 330 tione
407 304 415 331 :
439 303 652 344 magnum
679 290 847 343 fignum
873 304 881 331 :
908 290 1065 330 mulier

260 347 394 388 illaesa
417 360 602 389 manens
623 346 787 389 amicta
810 347 905 389 sole.
959 349 1063 389 Non

260 405 320 446 est
346 406 440 446 rubi
465 412 621 447 natura
643 412 847 460 opertum
868 406 1064 459 vndique

259 463 462 512 flammis,
487 478 663 505 manere
687 464 972 505 nihilominus
999 465 1063 504 in-

260 522 536 563 combustum
575 537 582 562 :
624 535 712 562 non
755 521 948 562 mulieris
985 536 1062 575 po-

260 580 399 621 tentia
421 587 467 621 vt
490 579 694 621 sustineat
717 580 814 621 solis
836 578 1060 621 amictum.

260 638 364 678 Non
397 638 457 679 est
493 638 668 679 virtutis
704 638 912 678 humanae
949 654 957 679 :
988 638 1059 679 sed

260 709 340 736 nec
362 695 575 749 angelicae
597 696 776 748 quidem
805 712 813 737 :
838 695 1063 737 sublimior

259 755 467 807 quaedam
490 754 726 794 necessaria
747 753 818 794 est.
871 753 1062 808 Spiritus

259 810 432 853 san&us
476 811 656 866 (inquit)
699 811 975 864 superueniet
1017 812 1061 853 in

258 876 313 910 te.
371 871 431 911 Et
453 876 667 923 tanquam
691 869 952 923 respondeat
975 870 1061 919 illa,

261 927 485 981 Quoniam
523 927 698 981 spiritus
736 927 797 968 est
833 928 943 969 deus
976 943 983 969 :
1016 934 1060 969 et

258 987 367 1027 deus
397 985 541 1026 noster
569 986 682 1039 ignis
706 985 966 1027 consumens
989 986 1060 1028 est.

257 1044 410 1085 Virtus
436 1042 551 1097 (ait¹)
576 1057 665 1084 non
695 1057 807 1093 mea,
829 1057 917 1084 non
947 1050 1023 1085 tua
1052 1059 1060 1086 :

258 1101 330 1143 sed
386 1102 573 1143 altissimi
629 1101 914 1143 obumbrabit
969 1103 1060 1144 tibi.

259 1160 384 1201 Nihil
421 1160 570 1214 itaque
607 1160 767 1201 mirum
804 1159 832 1200 fi
870 1160 946 1201 sub
983 1161 1060 1202 tali

257 1217 590 1268 obumbraculo,
614 1217 715 1259 talis
747 1218 882 1259 etiam
913 1217 939 1259 a
968 1232 1062 1260 mu-

256 1276 361 1317 liere
382 1276 640 1317 sustineatur
660 1274 859 1318 amifflms.

258 1414 302 1460 ([
325 1412 365 1453 A
386 1411 621 1453 natiuitate
639 1411 833 1465 virginis
857 1412 986 1466 vsque
1003 1413 1066 1454 ad

298 1470 543 1511 aduentum.
577 1484 628 1511 ex
654 1470 794 1511 eodem
813 1470 1018 1523 fhrmone.

378 1546 445 1587 Ihi
493 1546 593 1587 sane
639 1545 864 1599 fingularis
911 1546 1061 1588 rutilat

267 1606 289 1629 ss
403 1604 549 1658 fulgor
583 1618 591 1646 :
625 1605 769 1657 primo
800 1604 980 1658 quidem
1016 1605 1059 1645 in

259 1663 414 1704 Mariae
446 1663 731 1716 generatione
757 1678 765 1703 z
795 1662 983 1704 secundo
1016 1663 1059 1703 in

258 1721 456 1775 angelica
499 1720 744 1762 visitatione
789 1734 797 1762 :
838 1721 969 1762 tertio
1015 1721 1059 1761 in

258 1779 431 1833 spiritus
482 1779 819 1832 superuentione
857 1793 864 1819 :
901 1785 1060 1833 quarto

257 1838 300 1878 in
338 1837 414 1891 filij
453 1837 524 1878 dei
560 1836 839 1878 inenarrabili
875 1850 1061 1891 concep-

258 1896 390 1937 tione.
436 1894 511 1937 Sic
533 1901 577 1936 et
599 1896 642 1935 in
664 1895 732 1936 his
754 1908 931 1948 quoque
953 1895 1058 1936 fide-

258 1967 379 1995 reum
402 1953 534 2006 plane
556 1953 736 1994 irradiat
757 1954 892 1994 decus
910 1968 917 1993 :
939 1953 1059 2007 quod

257 2011 522 2066 virginitatis
540 2011 786 2065 primiceria
806 2024 814 2051 :
831 2012 950 2064 quod
973 2011 1060 2053 fine

258 2070 539 2123 corruptione
567 2069 776 2110 foecunda
799 2084 807 2110 ε
829 2070 949 2122 quod
973 2069 1060 2110 fine

258 2128 517 2182 grauamine
550 2127 736 2181 grauida
767 2143 775 2168 ε
817 2127 936 2180 quod
973 2127 1060 2169 fine

259 2186 411 2228 dolore
456 2199 680 2239 puerpera.
759 2184 1060 2227 Nihilominus

258 2245 392 2286 etiam
415 2243 590 2297 speciali
612 2243 807 2297 quodam
830 2242 1061 2297 splendore

259 2304 302 2344 in
352 2302 495 2343 Maria
539 2301 767 2343 coruscant
815 2301 1062 2343 mansuetu-

259 2361 317 2402 do
368 2360 560 2414 pudoris,
607 2359 789 2401 deuotio
836 2359 1061 2400 humilita-

258 2420 315 2460 tis
344 2432 352 2459 :
382 2418 724 2471 magnanimitas
750 2417 1022 2458 credulitatis
1052 2431 1060 2458 t

261 2476 520 2529 martyrium
552 2475 708 2516 cordis.
768 2475 935 2516 Vestrae
966 2476 1060 2529 qui-

259 2535 361 2576 dem
388 2533 630 2574 sedulitatis
658 2533 740 2574 erit
764 2532 932 2599 singula
956 2547 1061 2586 que-

260 2606 346 2658 que
377 2591 633 2645 diligentius
665 2591 835 2639 intueri,
869 2591 965 2631 Nos
997 2592 1061 2633 in-

260 2651 388 2692 terim
437 2649 679 2690 satisfecisse
729 2649 989 2698 videbimur,
1033 2649 1060 2689 fi

260 2708 451 2749 breuiter
483 2721 536 2748 ea
571 2707 845 2761 potuerimus
879 2708 1060 2748 demon-

260 2766 400 2808 strare.
464 2763 596 2818 Quod
619 2778 724 2818 ergo
746 2763 959 2805 fidereum
983 2765 1062 2805 mi-

260 2829 331 2865 cat
346 2825 389 2864 in
405 2823 691 2877 generatione
706 2823 862 2863 Mariae
879 2822 893 2863 ?
926 2822 1062 2864 Plane

259 2882 378 2935 quod
418 2895 476 2921 ex
512 2880 687 2933 regibus
719 2886 815 2920 orta
847 2880 966 2934 quod
1004 2894 1062 2921 ex

564 3045 575 3067 ¹
604 3046 752 3091 (inquit)
775 3059 782 3079 z
803 3048 839 3080 P.
860 3047 903 3079 A.

630 214 874 247 OFFJCJVM
897 215 997 247 ΒΕΑ
1009 214 1087 246 TAE
1117 214 1301 247 MARJAE
1339 215 1569 248 WRGINJS.

1135 289 1297 331 semine
1327 291 1506 332 abrahae
1536 308 1544 333 :
1575 293 1695 346 quod
1727 292 1937 346 generosa
1994 323 1997 325 »

1134 361 1192 389 ex
1222 348 1351 403 stirpe
1375 349 1536 399 Dauid,
1558 349 1586 390 fi
1616 351 1659 391 id
1689 363 1845 404 parum
1873 351 1936 392 vi-

1133 406 1263 447 detur
1301 420 1310 447 :
1347 407 1463 448 adde
1500 409 1619 461 quod
1661 408 1935 462 generationi

1132 463 1192 504 illi
1211 464 1269 505 ob
1286 465 1500 518 fingulare
1517 465 1796 520 priuilegium
1815 466 1935 508 sanc-

1132 521 1284 573 titatis,
1297 523 1511 564 diuinitus
1528 523 1718 565 noscitur
1733 524 1817 565 esse
1833 537 1936 565 con-

1132 580 1243 621 cessa
1276 596 1284 621 ε
1315 582 1434 634 quod
1472 581 1604 635 longe
1636 588 1741 623 ante
1771 582 1934 623 eisdem

1131 638 1329 691 patribus
1338 639 1511 680 coelitus
1524 640 1776 694 repromissa
1790 655 1799 681 ε
1813 641 1932 694 quod

1132 696 1324 749 mysticis
1357 696 1639 751 praefigurata
1671 698 1892 738 miraculis
1925 713 1934 739 :

1131 755 1249 807 quod
1283 754 1470 795 oraculis
1502 755 1804 809 praenunciata
1835 769 1933 810 pro-

1131 812 1329 865 pheticis.
1402 813 1535 854 Hanc
1577 814 1694 854 enim
1736 813 1934 854 sacerdo-

1130 870 1231 910 talis
1263 871 1387 924 virga
1418 872 1525 912 dum
1560 871 1646 912 fine
1678 872 1823 913 radice
1855 870 1934 912 flo-

1131 929 1216 969 ruit
1243 944 1250 969 :
1275 928 1389 970 hanc
1414 928 1636 970 Gedeonis
1658 929 1796 971 vellus
1825 930 1931 971 dum

1131 986 1174 1027 in
1217 987 1365 1028 medio
1401 987 1521 1027 ficcae
1557 1001 1671 1028 areae
1708 987 1880 1029 maduit
1921 1002 1930 1028 ε

1129 1043 1244 1085 hanc
1273 1045 1317 1084 in
1341 1045 1584 1086 Ezechielis
1606 1045 1767 1086 vifione
1790 1045 1931 1086 orien-

1130 1102 1231 1144 talis
1267 1109 1408 1156 porta,
1445 1117 1545 1156 quae
1586 1103 1694 1144 nulli
1735 1117 1931 1158 vnquam

1130 1161 1275 1227 patuit
1316 1160 1621 1214 praefignabat.
1687 1161 1818 1202 Hanc
1856 1161 1933 1202 de-

1129 1219 1263 1272 nique
1276 1233 1367 1272 prae
1384 1220 1554 1260 caeteris
1573 1218 1705 1260 Isaias
1720 1232 1836 1260 nunc
1848 1219 1932 1260 vir-

1127 1290 1233 1330 gam
1247 1277 1303 1318 de
1317 1277 1464 1318 radice
1479 1277 1587 1318 Iesse
1603 1278 1813 1318 orituram
1832 1290 1931 1343 pro-

1130 1335 1350 1384 mittebat,
1378 1348 1495 1376 nunc
1523 1335 1774 1376 euidentius
1800 1335 1930 1388 virgi-

1130 1406 1231 1434 nem
1259 1393 1512 1447 parituram.
1577 1393 1740 1435 Merito
1761 1393 1929 1447 fignum

1129 1451 1213 1493 hoc
1238 1465 1451 1505 magnum
1481 1452 1525 1492 in
1551 1451 1666 1492 coelo
1687 1451 1932 1505 apparuisse

1130 1509 1327 1550 scribitur
1366 1523 1374 1550 :
1410 1509 1530 1563 quod
1570 1515 1697 1550 tanto
1734 1515 1838 1550 ante
1874 1509 1936 1550 de·

1129 1567 1243 1608 coelo
1281 1567 1470 1608 noscitur
1507 1567 1628 1608 fuisse
1664 1567 1930 1621 promissum.

1130 1626 1351 1666 Dominus
1390 1625 1487 1679 (ait)
1524 1626 1613 1679 ipse
1645 1626 1769 1666 dabit
1804 1625 1930 1666 vobis

1128 1683 1296 1737 fignum
1354 1683 1470 1724 Ecce
1523 1684 1647 1736 virgo
1699 1684 1929 1737 concipiet.

1130 1741 1347 1795 Magnum
1371 1740 1569 1795 proseEto
1591 1741 1759 1794 fignum
1779 1741 1930 1782 dedit:

1128 1800 1233 1853 quia
1255 1804 1299 1840 et
1322 1813 1509 1853 magnus
1531 1799 1620 1853 ipse
1641 1799 1715 1853 qui
1737 1799 1873 1840 dedit.

1129 1966 1173 2011 ([
1215 1963 1370 2005 Finita
1406 1962 1535 2062 teth'q
1570 1960 1741 2003 leHz'one
1763 1961 1933 2015 semper

1477 2027 1617 2062 zcztur.

1186 2114 1252 2155 Te
1283 2115 1416 2155 deum
1449 2113 1695 2156 laudamus.
1715 2114 1782 2168 so,
1814 2112 1863 2166 4²

1129 2258 1173 2304 (I
1202 2255 1286 2297 Ad
1311 2255 1469 2303 laudes,
1505 2254 1708 2304 Tertiam,
1740 2254 1928 2303 Senam,

1186 2315 1375 2363 Nonam,
1414 2319 1456 2354 et
1506 2312 1725 2366 Vesperam
1768 2312 1813 2353 in
1853 2311 1928 2353 ad-

1186 2378 1314 2413 uentu
1336 2371 1505 2413 dicitnr.
1569 2370 1733 2412 Oratio.

1133 2475 1317 2557 DEuS,
1340 2475 1416 2528 qui
1439 2473 1494 2515 de
1520 2474 1648 2515 beate
1671 2474 1826 2515 Mariae
1847 2475 1931 2515 vir-

1239 2533 1354 2586 ginis
1387 2538 1511 2573 vtero
1545 2545 1553 2572 ε
1584 2532 1766 2573 verbum
1802 2537 1928 2573 tuum

1130 2590 1291 2644 angelo
1339 2591 1577 2630 nunciante
1619 2603 1796 2630 carnem
1845 2589 1928 2630 sus-

1131 2649 1275 2702 cipere
1314 2647 1485 2689 voluisti
1521 2659 1529 2684 :
1575 2647 1729 2700 praesta
1771 2647 1930 2701 suppli-

1131 2707 1255 2748 cibus
1296 2707 1383 2747 tuis
1423 2719 1431 2747 ;
1472 2711 1532 2754 vt,
1572 2706 1647 2758 qui
1688 2719 1789 2746 vere
1830 2718 1928 2746 eam

1130 2765 1389 2818 genitricem
1430 2763 1501 2804 dei
1543 2763 1762 2804 credimus
1795 2778 1803 2804 :
1838 2763 1930 2804 eius

1132 2822 1250 2876 apud
1279 2827 1324 2863 te
1353 2821 1722 2862 intercessionibus
1751 2821 1930 2861 adiuue—

1132 2894 1230 2920 mur
1253 2896 1261 2920 :
1282 2893 1359 2933 per
1380 2879 1581 2920 eundem.

1271 3045 1284 3066 '2
1309 3047 1396 3080 vide
1412 3057 1445 3090 p.
1470 3056 1495 3080 1.
