2066 3392
279 186 358 228 144

272 265 406 308 fratre
429 272 473 308 et
497 266 651 317 sorore,
669 273 713 309 et
735 266 939 309 Marcilla
957 267 1080 321 pedi-

274 324 416 378 sequa,
438 330 482 366 et
515 325 622 366 item
655 326 922 375 Maximino,
943 324 969 366 a
990 338 1079 379 quo

273 388 369 423 tota
383 383 543 424 domus
554 383 696 425 fuerat
710 384 950 438 baptizata,
960 396 1080 424 com-

273 439 571 493 prehenditur.
634 442 694 482 Et
725 441 769 482 hi
799 455 954 482 omnes
977 454 1077 482 cum

272 498 370 551 alijs
413 499 714 552 compluribus
756 498 996 540 christianis
1033 499 1077 539 in

274 556 378 596 naui
395 557 590 610 quadam
614 557 912 610 imponuntur.
965 555 1078 610 Quae

274 614 401 654 nauis
452 615 519 668 (vt
569 615 783 655 traditum
835 614 913 668 est)
956 614 1079 663 velis,

274 672 418 721 remis,
466 671 682 726 clauoque
723 671 924 726 spoliata,
969 672 1078 712 mari

273 730 579 778 committitur,
631 736 679 771 vt
739 743 894 771 omnes
960 728 1079 771 safto

274 787 504 840 naufragio
565 788 772 842 perirent.
854 788 1077 830 Caeterum

273 845 358 885 deo
391 845 666 898 gubernante
699 845 930 886 Massiliam
960 845 1078 886 inco-

273 902 404 943 lumis
427 902 653 956 applicuit,
676 903 778 957 Quo
801 903 1012 944 miraculo
1034 908 1079 944 et

276 958 495 1002 diEtorum
505 958 750 1002 sanfftorum
763 961 1080 1015 praedieatione

275 1018 556 1059 Massilienses
571 1019 777 1072 primum,
793 1019 954 1060 deinde
975 1019 1080 1060 vici-

273 1076 317 1116 ni
333 1076 485 1130 populi
500 1077 555 1117 ad
567 1076 699 1118 fidem
711 1077 867 1118 Christi
885 1076 1078 1118 conuersl

274 1134 382 1176 sunt.
433 1134 614 1175 Martha
648 1135 781 1188 igitur
807 1149 908 1175 cum
937 1135 1080 1175 Massi—

273 1191 344 1233 liae
361 1193 559 1233 omniurn
579 1193 622 1232 in
641 1192 682 1233 se
704 1193 876 1233 animos
899 1199 1080 1246 propter

274 1250 486 1291 eximiam
497 1248 773 1292 santfftitatem
790 1251 1079 1299 conuertisset,

274 1322 376 1349 cum
399 1308 549 1349 multis
570 1308 872 1349 honestisfimis
891 1308 1081 1349 mulieri-

274 1366 356 1407 bus
379 1366 422 1406 in
448 1366 711 1407 monasterio
733 1367 852 1420 quod
883 1366 974 1420 ipsa
1005 1380 1079 1407 cu-

274 1424 389 1465 rauit
445 1423 771 1475 aedificandum,
823 1423 1081 1465 sanctissime

273 1482 400 1523 vixit.
452 1488 730 1535 mortemque
778 1482 889 1535 obijt
940 1481 1081 1522 multo

275 1546 380 1581 ante
410 1538 436 1580 a
469 1539 510 1580 se
542 1540 861 1594 precognitam,
883 1545 927 1581 et
950 1540 1081 1580 mira-

274 1597 383 1638 culis
405 1597 663 1638 illustratam
686 1603 845 1651 quarto
873 1597 1082 1639 calendas

273 1655 476 1709 Augusti.

597 1746 761 1788 Oratio.

225 1831 229 1835 “
279 1827 629 1911 OMnipotens
655 1827 984 1868 clementissime
1005 1827 1080 1868 de-

397 1899 460 1935 us,
482 1886 606 1926 cuius
628 1885 743 1926 filius
762 1886 803 1926 in
823 1886 919 1926 aecle
936 1885 1080 1926 beatae

275 1943 466 1984 Marthae
495 1943 704 1997 hospitari
727 1943 937 1996 dignatus
963 1941 1041 1984 est¹
1065 1957 1075 1984 t

274 2002 333 2042 da
374 2001 624 2055 quaesumus
664 2007 713 2042 vt
754 2002 846 2042 eius
897 2001 1080 2051 meritis,

274 2073 375 2113 quae
408 2059 532 2100 illum
564 2059 739 2113 placide
772 2059 954 2112 suscepit
994 2072 1002 2100 ε
1036 2059 1080 2099 in

275 2118 373 2158 aede
394 2117 597 2171 polorum
621 2116 958 2158 misericorditer
983 2116 1082 2157 hos-

274 2176 405 2229 pitari
446 2174 675 2217 valeamus
718 2188 727 2216 :
769 2188 848 2229 per
887 2175 1077 2216 eundem

275 2239 357 2274 etc.

555 2343 596 2384 A
605 2342 789 2397 ugustus.

278 2439 322 2484 (l
369 2435 549 2478 Vincula
578 2435 730 2489 sanblz'
766 2435 896 2477 Petri
932 2435 1087 2489 duplex

335 2494 490 2536 minus.
550 2494 634 2534 Ad
656 2493 848 2546 vesperas
873 2500 916 2535 et
942 2500 1082 2535 matu-

335 2551 487 2593 tinum.
549 2552 765 2605 Hymnus.

363 2631 496 2672 Etrus
528 2630 684 2672 beatus
721 2636 977 2672 catenarum
1020 2630 1082 2672 la-

393 2702 530 2741 queos
554 2688 726 2731 Christo
757 2689 936 2730 iubente
965 2690 1083 2743 rupit

278 2746 536 2788 mirabiliter
587 2761 596 2787 2
648 2746 804 2788 Custos
847 2746 987 2797 ouilis‚
1039 2753 1083 2788 et

349 2896 358 2917 ¹
387 2907 426 2930 es
446 2909 454 2931 :
474 2896 513 2930 P.

347 2943 360 2964 ²
385 2950 452 2978 etc.
473 2943 556 2977 add.
579 2943 621 2977 R.
639 2944 676 2977 P.
694 2944 736 2978 Λ.

347 2990 360 3010 ³
386 2990 445 3024 die
468 3000 493 3024 1.
514 2991 554 3024 in
572 3001 617 3024 m.

979 192 1010 223 A
1021 190 1253 225 UGUSTUS.

1145 265 1303 308 docff’tor
1338 266 1539 318 ecclefiae,
1577 267 1813 322 Pastorque
1853 281 1948 322 gre·
2019 306 2022 308 ,

1145 324 1225 377 gis,
1275 324 1557 366 conseruator
1605 326 1757 367 ouium
1808 325 1948 368 Arcet

1145 382 1349 436 luporum
1372 382 1667 424 truculentam
1691 384 1870 425 rabiem.

1204 439 1356 482 Gloria
1391 441 1476 482 deo
1518 455 1596 495 per
1636 441 1847 483 immensa
1888 441 1950 482 se·

1146 497 1284 539 cula:
1318 498 1387 540 Sit
1428 498 1508 540 tibi
1552 505 1655 540 nate
1696 500 1842 540 decus.
1903 505 1948 541 et

1145 555 1379 609 imperium
1432 571 1441 597 ε
1491 557 1660 606 Honor,
1703 556 1895 610 potestas
1939 570 1948 598 :

1146 612 1384 667 sanfflnque
1426 613 1590 667 spiritui
1644 614 1714 656 Sit
1761 614 1948 656 trinitati

1146 670 1259 712 salus
1283 671 1512 712 indiuidua
1535 672 1616 713 Per
1637 671 1810 714 infinita
1831 672 1949 714 secu-

1145 729 1287 770 lorum
1310 729 1464 770 secula.
1524 729 1688 772 Amen.

1467 821 1631 864 Oratio,

1151 891 1343 973 DEus,
1392 891 1467 944 qui
1525 891 1706 933 beatum
1769 891 1949 933 Petrum

1266 948 1511 1002 apostolum
1545 963 1570 990 a
1601 948 1788 991 vinculis
1827 949 1949 990 abso-

1143 1006 1286 1048 lutum
1309 1006 1491 1047 illaesum
1518 1006 1638 1048 abire
1661 1007 1795 1048 fecisti
1823 1021 1832 1048 :
1853 1006 1949 1048 nos-

1144 1070 1313 1106 trorum
1345 1064 1595 1117 quaesumus
1636 1064 1815 1106 absolue
1854 1065 1948 1106 vin-

1143 1122 1242 1163 cula
1259 1128 1541 1175 peccatorum
1566 1136 1575 1163 z
1597 1128 1641 1164 et
1659 1123 1809 1164 omnia
1833 1122 1950 1164 mala

1145 1178 1173 1221 a
1217 1179 1346 1220 nobis
1395 1180 1663 1234 propitiatus
1703 1180 1895 1222 exclude
1936 1196 1947 1222 :

1145 1252 1223 1293 per
1245 1244 1326 1279 etc.

1147 1344 1192 1389 (I
1225 1340 1309 1382 Ad
1335 1341 1602 1383 matutinum
1633 1341 1951 1384 z'nuz'tatorz'um.

1148 1399 1319 1453 Regem
1339 1399 1663 1453 apostolorum².
1695 1400 1840 1441 Let‘z‘io
1857 1398 1950 1454 ‚igfjffi

1227 1479 1315 1521 Vm
1349 1480 1553 1521 Herodes
1581 1479 1804 1520 occidisset
1827 1478 1952 1520 Iaco-

1257 1538 1365 1579 bum
1408 1537 1586 1578 fratrem
1631 1537 1811 1578 Ioannis
1855 1537 1953 1578 ani-

1148 1595 1432 1636 maduertens
1447 1595 1489 1636 id
1500 1595 1583 1636 esse
1591 1601 1766 1648 gratum
1776 1595 1951 1644 Iudaeis,

1147 1652 1442 1706 apprehendit
1456 1666 1632 1706 quoque
1651 1654 1840 1694 Petrum.
1893 1653 1953 1694 E-

1148 1717 1247 1752 rant
1269 1717 1431 1759 autem‚
1446 1716 1494 1751 vt
1516 1710 1575 1751 est
1594 1711 1636 1751 in
1655 1708 1763 1751 aftis
1779 1710 1952 1765 aposto-

1147 1768 1290 1809 lorum
1322 1769 1415 1809 dies
1447 1781 1719 1822 azymorum,
1747 1768 1952 1810 tradidit-

1147 1840 1233 1880 que
1255 1831 1467 1879 quattuor
1488 1826 1853 1879 quaternionibus
1870 1826 1951 1866 mi-

1147 1884 1276 1925 litum
1324 1884 1380 1924 ad
1432 1882 1951 1924 custodiendum⁴...vbi

1148 1948 1274 1983 erant
1300 1941 1427 1983 multi
1457 1941 1728 1995 congregati,
1751 1947 1795 1982 et
1823 1955 1952 1983 oran-

1148 2006 1226 2042 tes.

1215 2103 1260 2149 ([
1297 2101 1540 2155 Stephanus
1558 2108 1679 2155 papa
1711 2107 1888 2156 martyr.
1914 2066 1922 2075 ι

1380 2159 1526 2201 Ᾱεὲἳίο
1557 2158 1718 2200 ΐενίίαὸ.

1151 2226 1463 2311 STephanus
1479 2228 1622 2282 patria
1637 2241 1844 2270 romanus
1859 2228 1951 2270 Va-

1251 2286 1402 2326 leriani
1432 2292 1476 2326 et
1499 2285 1690 2327 Gallieni
1713 2286 1953 2340 imperato-

1149 2357 1245 2384 rum
1268 2349 1469 2397 tempore
1486 2343 1656 2384 summo
1674 2343 1951 2397 pontificatui

1150 2399 1396 2455 praefe&us‚
1419 2401 1615 2450 instituit,
1637 2408 1684 2442 vt
1706 2401 1951 2443 sacerdotes

1150 2466 1195 2500 et
1216 2459 1363 2500 leuitae
1385 2458 1598 2512 nusquam
1617 2458 1744 2499 sacris
1760 2458 1951 2501 vestibus

1149 2522 1386 2566 vterentur‚
1404 2516 1478 2557 nis1
1500 2517 1544 2557 in
1567 2516 1745 2557 ecclefia
1761 2522 1806 2558 et
1822 2516 1950 2558 sacris

1150 2575 1414 2629 peragendis
1457 2589 1465 2615 :
1507 2587 1562 2615 ne
1608 2574 1720 2615 forte
1770 2574 1948 2629 (inquit)

1150 2629 1401 2687 plec‘tantur
1417 2645 1564 2685 poena,
1583 2645 1718 2685 quam
1738 2630 1953 2673 Balsasar⁰

1151 2704 1231 2731 rex
1263 2688 1505 2742 Babylonis
1534 2689 1703 2739 subiuit‚
1726 2703 1827 2731 cum
1849 2689 1951 2731 vasa

1151 2747 1269 2789 sacra
1297 2747 1537 2801 prophanis
1564 2746 1767 2788 manibus
1792 2753 1950 2788 attrec-

1220 2896 1234 2919 ⁴
1259 2895 1340 2932 Aft.
1361 2897 1419 2932 xii.
1439 2907 1564 2940 4-12

1220 2944 1234 2964 ⁵
1259 2944 1319 2978 die
1338 2954 1367 2979 2.
1387 2945 1427 2978 in
1447 2956 1491 2979 m.

1220 2990 1234 3012 ⁶
1261 2991 1426 3026 Baltasar
1447 3003 1454 3026 ε
1474 2992 1516 3026 Α.
