2066 3392
0 699 5 770 ἐ

857 209 1153 243 DECEMBER.
1762 196 1835 237 181

228 291 373 333 Lectio
394 291 467 346 jij.
477 289 715 345 νΙὶίΊιηαίιηῑ
740 286 938 330 Lucam¹.

229 371 417 414 FaEtum
454 372 515 414 est
553 377 703 413 autem
736 370 780 412 in
815 369 972 412 diebus

170 429 254 472 illis
276 430 389 484 exijt
409 428 603 472 edifitum
625 435 706 471 etc.
762 433 884 469 carta
905 427 972 479 84.

228 506 274 552 {I
306 504 398 545 His
427 503 567 546 tribus
583 501 859 557 sequentibus
886 501 972 542 die-

170 562 248 604 bus
268 561 386 604 nihil
398 562 575 616 penitus
599 561 764 602 dicitur
786 559 839 601 de
856 559 972 600 nati-

171 619 316 670 uitate,
357 620 461 674 quia
485 619 597 673 sunt
622 618 739 673 festa
772 617 971 672 duplicia,

158 677 244 731 sed
249 677 390 732 postea
410 677 536 732 vsque
554 677 618 718 ad
633 676 970 729 circuncisionem

168 735 324 790 agitur
354 735 536 790 officium
575 734 628 776 de
660 734 901 781 natiuz'tate,
933 740 974 774 et

159 794 276 849 fhsta
283 793 503 848 simplicia
520 793 694 834 interim
710 791 970 834 occurrentia

170 851 383 894 habebunt
415 851 597 893 tantum·
624 849 798 892 tertiam
834 849 971 891 lectio-

171 923 276 951 nem.

230 985 276 1032 (I
302 981 546 1037 Stephanus
555 988 860 1037 protomartyr.
893 980 972 1022 du-

159 1041 266 1096 plex
309 1041 466 1083 minus.
506 1040 582 1081 hoc
618 1039 783 1094 festum
822 1052 972 1094 quam-

174 1099 244 1141 uis
259 1099 326 1153 fit
353 1098 516 1153 duplex,
543 1112 615 1139 nec
642 1097 768 1139 lcabet
784 1097 972 1151 primas,

171 1171 244 1198 nec
250 1157 462 1210 secundas
482 1156 683 1211 vesperas,
702 1155 806 1210 quia
818 1155 979 1209 primee

171 1215 379 1256 dicuntur
415 1215 467 1256 de
506 1214 748 1265 natiuitate,
778 1213 978 1267 secundoe

172 1273 226 1315 de
232 1273 387 1327 fando
405 1273 577 1314 Ioanne.

188 1373 233 1420 (Ι
259 1370 297 1411 A
304 1370 339 1412 a'
355 1369 622 1411 matutinum
645 1367 963 1410 inuitatorium.

232 1444 451 1488 Christum
489 1450 655 1493 natum,
688 1442 763 1497 qui
794 1442 975 1484 beatum

174 1503 307 1545 hodie
335 1503 564 1544 coronauit
587 1501 881 1556 Stephanum,
904 1514 975 1542 ve-

176 1562 268 1604 nite
289 1561 536 1603 adoremus.

440 1651 586 1694 Lectio
606 1650 701 1707 ‚iifl

180 1728 490 1814 STephanus
504 1741 615 1769 vnus
629 1740 687 1768 ex
706 1726 870 1781 septem
885 1726 979 1767 dia-

278 1787 411 1836 conis,
443 1786 518 1840 qui
553 1791 733 1840 propter
764 1784 897 1826 fidem
934 1790 979 1826 et

176 1845 435 1900 sapientiam
471 1843 647 1885 suerunt
678 1842 735 1884 ab
770 1841 979 1896 apostolis

176 1901 317 1953 elesti,
349 1901 506 1956 plenus
538 1901 682 1955 gratia
722 1907 766 1942 et
808 1899 979 1942 fortitu-

175 1961 280 2003 dine
293 1960 453 2002 edebat
467 1972 614 2000 coram
632 1957 798 2013 populo
815 1971 979 2012 magna

180 2018 400 2060 miracula.
444 2017 610 2059 Contra
632 2029 764 2070 quem
788 2029 889 2057 cum
913 2015 978 2068 sy-

180 2090 379 2131 nagogae,
417 2088 517 2129 quae
549 2074 779 2116 dicebatur
815 2073 978 2114 liberti-

181 2147 336 2176 norum
360 2139 404 2174 et
432 2131 731 2186 cyrenensium
762 2144 813 2172 ac
835 2130 978 2172 Alex·

179 2191 478 2237 andrinorum‚
511 2196 555 2231 et
596 2202 761 2238 eorum,
801 2188 877 2242 qui
918 2202 977 2230 ex

183 2249 335 2292 Cilicia
358 2254 570 2290 venerant
592 2253 636 2289 et
658 2246 773 2297 Asta,
796 2247 977 2300 quidam

181 2307 402 2362 disputare
429 2305 668 2359 coepissent,
691 2318 770 2346 nec
798 2305 891 2345 eius
918 2304 979 2345 sa-

182 2365 361 2421 pientiae
402 2377 453 2404 ac
500 2363 677 2417 spiritui,
717 2362 792 2416 qui
829 2361 979 2416 loque-

184 2425 313 2465 batur
362 2420 561 2463 obsistere
612 2420 792 2475 possent,
834 2419 980 2460 subor-

182 2478 364 2523 narunt³
385 2478 610 2534 quosdam,
626 2478 700 2532 qui
725 2477 765 2519 se
786 2478 982 2519 dicerent

184 2537 462 2592 Stephanum
495 2535 658 2577 audisse
690 2549 699 2576 :
725 2549 825 2576 cum
849 2535 982 2576 verba

181 2595 464 2650 blasphemiae
499 2594 542 2635 in
575 2595 708 2635 deum
745 2607 796 2634 ac
830 2592 981 2634 Mosen

183 2653 437 2710 protulisset.
481 2652 639 2706 Itaque
660 2650 789 2705 plebe
806 2664 857 2692 ac
875 2650 983 2692 seni-

183 2712 343 2761 oribus,
365 2717 410 2752 et
442 2710 586 2751 scribis
614 2709 857 2758 concitatis,
879 2722 983 2750 con-

185 2769 396 2823 cursuque
447 2765 565 2809 sae‘to
617 2767 659 2808 in
709 2766 986 2821 Stephanum

187 2840 343 2869 manus
384 2825 585 2879 inijciunt
624 2838 632 2866 :
667 2824 894 2879 ipsumque
930 2824 987 2865 ad

185 2885 417 2927 concilium
470 2882 738 2932 abstrahunt,
780 2882 989 2923 submisfis

281 2995 290 3015 ¹
327 2993 413 3028 Vide:
430 3004 462 3039 p.
485 2991 538 3028 26.
581 2990 685 3038 [Luc.
706 2990 740 3027 ii.
766 2988 904 3036 1—20.]

1042 286 1156 328 falfis
1177 285 1371 335 testibus,
1385 285 1460 340 qui
1482 285 1679 327 dicerent
1700 286 1839 340 ipsum

1043 345 1087 385 in
1108 343 1254 386 locum
1277 341 1474 385 sanstum
1505 349 1549 385 et
1576 343 1721 397 legem
1745 343 1839 385 soli-

1041 408 1137 444 tum
1159 402 1244 443 esse
1265 401 1544 442 continenter
1568 401 1684 442 male
1707 401 1839 456 loqui,

1041 466 1087 501 et
1126 459 1344 501 affirmare
1387 458 1530 500 Iesum
1572 473 1840 500 nazarenum

1042 518 1187 559 locum
1229 517 1352 558 illum
1394 517 1478 558 effe
1514 517 1840 560 demoliturum.

1042 583 1086 617 et
1108 589 1264 625 mores,
1285 589 1398 630 quos
1422 574 1566 615 Moses
1588 575 1843 624 tradidisset,

1042 639 1326 675 mutaturum.
1389 634 1592 686 Rogatus
1634 633 1767 687 igitur
1816 631 1843 673 a

1041 692 1238 746 principe
1269 691 1543 732 sacerdotum
1572 696 1718 732 vtrum
1740 703 1843 732 vera

1041 750 1186 797 essent,
1195 763 1294 803 quae
1310 749 1384 803 ips1
1398 749 1471 790 obi
1472 748 1844 803 jcerentur,longe

1042 808 1230 861 repetita
1281 808 1541 855 narratione,
1594 806 1734 847 multa
1783 807 1840 847 de

1043 864 1192 919 figuris
1233 865 1394 906 veteris
1440 859 1701 913 testamenti,
1742 877 1842 918 quae

1043 930 1276 965 venturum
1299 922 1503 964 christum
1527 921 1841 976 significabant,

1043 982 1183 1022 multa
1223 980 1357 1022 etiam
1394 981 1452 1021 de
1487 980 1750 1021 Iudaeorum-
1781 980 1844 1020 in-

1044 1045 1242 1080 ueterata
1282 1038 1477 1094 perfidia,
1511 1044 1556 1079 et
1587 1038 1845 1092 peruicacia,

1043 1111 1096 1138 ac
1117 1096 1432 1151 prophetarum
1448 1095 1747 1150 persecutione
1763 1095 1845 1136 dis-

1045 1154 1186 1196 seruit.
1213 1154 1386 1209 Quibus
1401 1154 1632 1195 audientes
1647 1154 1707 1194 illi
1722 1167 1845 1207 mag-

1046 1226 1210 1268 nopere
1245 1212 1563 1254 cruciabantur.
1626 1210 1844 1264 Spthans

1046 1284 1176 1325 porro
1198 1271 1240 1311 in
1263 1270 1439 1319 coelum,
1462 1270 1578 1310 Ecce
1601 1269 1699 1322 (ait)
1715 1269 1845 1310 video

1045 1328 1181 1370 coelos
1203 1336 1392 1382 apertos,
1413 1334 1457 1368 et
1486 1327 1624 1368 filium
1654 1326 1847 1368 hominis

1046 1387 1233 1428 stantem
1270 1385 1296 1427 a
1336 1385 1507 1426 dextris
1547 1385 1721 1426 virtutis
1762 1385 1844 1426 dei.

1047 1444 1117 1486 Illi
1128 1458 1231 1486 vero
1246 1443 1549 1484 exclamantes
1563 1456 1669 1484 voce
1685 1455 1847 1496 magna

1046 1503 1399 1556 comprimebant
1416 1515 1541 1542 aures
1560 1501 1665 1548 suas,
1684 1508 1727 1541 et
1745 1514 1846 1541 eum

1047 1561 1216 1614 impetu
1239 1558 1356 1601 saffiro
1385 1566 1513 1600 extra
1535 1559 1687 1599 vrbem
1709 1558 1846 1599 eiece-

1049 1624 1163 1667 runt,
1184 1624 1228 1659 et
1261 1617 1481 1671 lapidibus
1510 1616 1757 1657 obruebant
1784 1616 1847 1656 in-

1049 1682 1284 1718 uocantem
1317 1682 1362 1716 et
1393 1675 1626 1722 dicentem,
1653 1673 1847 1715 Domine

1050 1734 1146 1776 Iesu
1164 1733 1326 1788 suscipe
1340 1733 1537 1787 spiritum
1556 1746 1715 1773 meum.
1750 1731 1848 1772 Pos-

1050 1799 1193 1835 tremo
1234 1805 1335 1833 cum
1369 1791 1556 1844 genibus
1588 1790 1716 1831 flexis
1762 1790 1849 1830 cla-

1049 1850 1203 1892 masset
1232 1863 1340 1891 voce
1373 1862 1547 1902 magna,
1571 1848 1763 1888 Domine
1795 1861 1850 1888 ne

1049 1908 1214 1950 statuas
1249 1908 1332 1948 illis
1370 1907 1454 1947 hoc
1490 1913 1734 1960 peccatum,
1768 1906 1849 1946 mi-

1048 1966 1194 2020 grauit
1230 1966 1286 2006 ad
1323 1965 1553 2006 dominum
1592 1965 1719 2004 nonis
1753 1963 1850 2004 Au-

1047 2024 1170 2078 gusti,
1193 2023 1397 2077 quamuis
1430 2021 1583 2062 festum
1613 2022 1706 2062 eius
1738 2021 1850 2062 cele-

1048 2083 1199 2123 bretur
1220 2081 1300 2134 ‚vij.
1327 2079 1535 2121 calendas
1560 2077 1764 2132 Ianuarij.

1367 2179 1531 2221 Oratio.

1143 2267 1185 2308 A
1220 2267 1346 2307 nobis
1387 2266 1637 2320 qusesumus
1670 2266 1851 2307 domine

1172 2325 1343 2372 imitari,
1381 2324 1500 2378 quod
1538 2323 1722 2364 colimus
1760 2338 1768 2364 :
1804 2330 1852 2365 vt

1049 2383 1268 2426 discamus
1305 2388 1348 2423 et
1386 2382 1586 2423 inimicos
1622 2381 1805 2435 diligere
1843 2396 1853 2423 ε

1049 2442 1154 2496 quia
1185 2441 1278 2482 eius
1309 2439 1512 2481 natalitia
1543 2439 1817 2480 celebramus
1842 2452 1851 2480 :

1050 2500 1125 2554 qui
1152 2499 1275 2540 nouit
1303 2499 1437 2539 etiam
1469 2511 1547 2551 pro
1571 2496 1854 2551 persecutori-

1052 2558 1134 2599 bus
1168 2570 1354 2598 exorare
1390 2556 1621 2596 dominum
1659 2554 1852 2596 nostrum

1053 2614 1195 2656 Iesum
1235 2613 1452 2655 Christum
1496 2612 1635 2654 filium
1677 2619 1803 2654 tuum
1845 2626 1854 2654 ε

1051 2673 1126 2727 qui
1150 2679 1296 2714 tecum
1320 2678 1400 2713 etc.
1658 2688 1690 2717 x

1115 2767 1158 2812 (I
1194 2763 1374 2805 Ioannes
1405 2762 1610 2817 apostolus
1649 2769 1690 2803 et
1727 2775 1855 2803 euan-

1049 2821 1213 2877 gelista.
1254 2821 1408 2875 duplex
1443 2820 1597 2861 mains.
1658 2819 1740 2860 Ad
1771 2819 1858 2873 ves-

1049 2888 1179 2934 peras
1207 2885 1247 2920 et
1280 2878 1544 2919 matutinum
1577 2878 1631 2919 H
1620 2891 1782 2932 ymnus
1821 2884 1861 2919 ct

1173 2987 1187 3009 ²
1212 2986 1271 3021 dic
1290 2987 1355 3021 αὑ.
1376 2986 1417 3020 iu
1436 2997 1483 3019 m.
1529 2984 1608 3020 Om.
1633 2984 1667 3019 1'.

817 3036 831 3060 ³
855 3037 1150 3073 subornauerunt
1172 3046 1178 3068 z
1201 3035 1236 3070 P.
