2066 3392
706 192 880 226 INDEX
908 191 1002 225 ORA
1011 190 1065 224 TI
1065 190 1138 224 ΟΝ
1135 190 1220 224 UM

123 271 290 315 Populum
319 275 413 304 tuum
446 280 644 314 quaesumus
680 270 818 304 domine
852 281 930 314 pro-

167 315 269 357 pitius
284 315 412 358 respice
426 319 460 348 et
475 325 560 358 quos
574 314 618 347 ab
633 315 728 354 escis,
746 324 790 356 50

125 357 260 391 Praesta
275 358 410 391 domine
426 358 580 391 fidelibus
593 357 671 398 tuis,
687 369 729 399 4²

125 401 261 434 Praesta
282 402 380 434 nobis
403 412 603 444 quaesumus
621 402 756 434 domine
771 400 931 434 auxilium

167 445 295 487 gratiae
311 450 398 485 tuae,
420 454 462 486 50

126 488 261 521 Praesta
282 489 379 520 nobis
402 498 603 531 quaesumus
625 487 761 521 domine
782 492 820 520 ut
844 488 930 520 salu-

168 531 294 564 taribus
309 532 438 564 ieiuniis
449 532 582 569 eruditi,
599 541 637 572 51

125 575 259 608 Praesta
296 585 494 617 quaesumus
530 575 742 617 omnipotens
777 575 860 607 deus
894 579 932 607 ut

167 618 313 660 dignitas
327 618 528 651 conditionis
543 618 721 657 humanae,
742 626 782 659 55

126 661 263 694 Praesta
292 672 491 704 quaesumus
529 662 742 704 omnipotens
776 661 859 694 deus
894 665 931 694 ut

170 704 296 737 familia
310 710 368 738 tua
383 715 468 748 quae
483 715 519 738 se
534 704 723 748 affligendo,
740 714 783 747 49

127 748 264 781 Praesta
277 759 476 791 quaesumus
495 749 707 791 omnipotens
727 748 810 781 deus
828 752 865 781 ut
881 747 930 781 in-

170 792 360 824 tercedente
375 792 475 825 beato
491 791 550 831 N.,
573 794 633 833 185

130 834 266 868 Praesta
295 845 494 878 quaesumus
525 835 738 878 omnipotens
775 835 857 868 deus
894 839 931 868 ut

169 878 417 911 observationes
431 889 541 911 sacras
556 889 694 916 annuaS,
712 888 753 919 5²

127 921 263 954 Praesta
277 932 476 965 quaesumus
491 922 703 964 omnipotens
718 922 800 955 deus
815 926 851 954 ut
874 921 931 965 qui

169 965 331 1007 gloriosos
346 970 517 1007 martyres,
538 977 550 998 1
560 975 598 1016 19

127 1008 264 1041 Praesta
283 1019 482 1051 quaesumus
498 1014 710 1051 omnipotens
726 1008 807 1042 deus
821 1013 858 1041 ut
873 1008 931 1051 qui

170 1052 291 1085 nostris
306 1053 493 1086 excessibus
507 1052 718 1092 incessanter,
736 1052 777 1092 56

129 1095 264 1128 Praesta
303 1106 478 1128 uaesumus
493 1095 705 1139 omnipotens
720 1096 802 1128 deus
821 1099 858 1128 ut
874 1095 932 1139 qui

170 1139 272 1182 pasch
309 1139 342 1171 ia
355 1139 449 1178 festa,
469 1139 508 1173 61

129 1182 265 1215 Praesta
284 1193 483 1225 quaesumus
498 1182 712 1225 omnipotens
726 1182 809 1215 deus
822 1186 860 1215 ut
875 1182 933 1225 qui

170 1231 360 1259 sanctorum
380 1232 563 1269 martyrum
584 1231 718 1259 tuorum
737 1226 882 1259 cosmae
897 1230 931 1259 et

170 1269 341 1309 Damiani,
365 1271 425 1310 158

127 1312 263 1346 Praesta
281 1323 480 1355 quaesumus
497 1312 710 1355 omnipotens
724 1312 806 1345 deus
822 1317 858 1345 ut
873 1312 932 1355 qui

169 1361 361 1389 sanctorum
386 1362 568 1399 martyrum
598 1362 730 1390 tuorum
761 1356 867 1389 Marci
898 1361 932 1389 et

171 1399 393 1437 Marcelliani.
414 1411 475 1442 134

128 1442 265 1476 Praesta
284 1454 483 1486 quaesumus
497 1442 710 1485 omnipotens
725 1443 807 1475 deus
822 1447 858 1475 ut
873 1443 931 1485 qui

168 1492 358 1520 sanctorum
376 1492 558 1529 martyrum
575 1486 729 1529 Tyburtii
745 1486 928 1527 Valeriani,

177 1541 238 1571 124

128 1573 265 1606 Praesta
294 1584 494 1616 quaesumus
529 1573 741 1616 omnipotens
775 1573 858 1606 deus
894 1577 932 1607 ut

170 1627 254 1659 quos
270 1617 394 1650 ieiunia
409 1617 520 1650 votiva
534 1617 708 1660 castigant,
729 1626 746 1657 5
751 1628 770 1659 3

127 1660 245 1693 Preces
266 1666 394 1693 nostras
415 1671 614 1703 quaesumus
635 1660 770 1693 domine
787 1660 931 1693 clemen-

169 1708 219 1736 ter
233 1704 354 1736 exaudi
369 1709 469 1747 atque
484 1715 504 1736 a
518 1709 741 1746 peccatorum,
760 1715 800 1746 41

126 1747 244 1780 Preces
256 1752 383 1780 nostras
393 1758 591 1791 quaesumus
602 1748 738 1780 domine
750 1748 932 1781 clementer

167 1790 288 1824 exaudi
304 1796 337 1824 et
353 1797 468 1825 contra
482 1796 602 1825 cuncta
616 1791 725 1830 nobis,
741 1793 784 1833 48

1727 191 1806 235 ¹99

998 270 1118 302 Preces
1143 268 1261 311 populi
1286 269 1334 301 tui
1382 279 1557 303 uaesumus
1582 270 1719 305 domine
1737 273 1802 307 cle-

1041 316 1173 345 menter
1187 312 1308 345 exaudi
1323 317 1360 345 ut
1399 313 1465 346 eati
1481 314 1647 354 Marcelli,
1670 315 1732 349 106

999 356 1118 388 Preces
1141 355 1259 398 populi
1286 355 1334 388 tui
1357 366 1558 399 quaesumus
1579 357 1715 391 domine
1737 360 1803 392 cle—

1040 403 1170 432 menter
1184 399 1305 432 exaudi
1320 403 1357 432 ut
1376 399 1435 442 qui
1453 399 1539 433 iuste
1558 411 1621 443 pro
1643 402 1802 444 peccatis,

999 453 1185 528 Progitiare
1204 485 1341 519 domine
1363 486 1663 530 supplicationibus
1684 489 1806 523 nostris

1041 534 1075 562 et
1090 529 1287 568 animarum,
1307 540 1350 574 49

999 573 1172 605 Protector
1187 572 1222 605 in
1237 578 1270 605 te
1286 573 1504 615 sperantium,
1523 573 1564 615 76

998 616 1209 658 Quaesumus
1225 617 1438 660 omnipotens
1450 617 1531 650 deus
1541 617 1702 651 familiam
1713 624 1804 652 tuam

1042 660 1217 702 propitius,
1237 669 1278 701 54

999 703 1209 745 Quaesumus
1235 703 1448 746 omnipotens
1477 704 1560 737 deus
1592 709 1670 738 vota
1697 704 1806 738 humi-

1035 747 1117 779 lium
1132 746 1259 789 respice
1274 752 1374 789 atque
1388 747 1443 785 ad,
1461 758 1503 789 50

999 790 1209 832 Quaesumus
1232 791 1446 833 omnipotens
1467 791 1550 824 deus
1567 795 1604 824 ut
1624 802 1687 825 nos
1700 793 1805 835 gemi-

1043 839 1122 866 nata
1137 833 1275 871 laetitia,
1296 843 1356 875 137
1634 862 1640 869 ,

1001 877 1144 952 Κεεξίεε
1167 877 1303 910 domine
1322 877 1484 910 familiam
1505 882 1598 910 tuam
1612 882 1645 911 et
1661 884 1805 922 praesta,

1001 963 1145 1006 Respice
1182 974 1382 1007 quaesumus
1419 964 1555 998 domine
1590 975 1689 1008 super
1718 966 1807 999 hanc

1043 1007 1204 1040 familiam
1219 1013 1323 1045 tuam,
1341 1015 1381 1050 57

1001 1051 1124 1084 Sacrae
1145 1051 1243 1083 nobis
1265 1061 1465 1094 quaesumus
1490 1051 1627 1084 domine
1651 1053 1805 1085 observa-

1042 1094 1144 1127 tionis
1159 1094 1283 1127 ieiunia
1297 1099 1330 1127 et
1346 1095 1412 1137 pie,
1430 1103 1471 1135 52

1000 1137 1181 1171 Sanctifica
1213 1149 1413 1181 quaesumus
1444 1138 1580 1171 domine
1617 1144 1731 1172 nostra
1760 1139 1804 1172 ie·

1043 1182 1132 1213 iunia
1147 1186 1180 1214 et
1196 1186 1399 1221 cunctarum,
1421 1191 1462 1223 54

1000 1224 1214 1258 Sanctificate
1229 1225 1293 1258 hoc
1303 1225 1427 1258 ieiunio
1439 1225 1522 1258 deus
1538 1230 1669 1258 tuorum
1689 1226 1802 1266 corda,

999 1311 1113 1344 Sancti
1130 1311 1268 1344 Ioannis
1282 1312 1464 1355 Baptistae,
1486 1322 1542 1353 151

999 1355 1112 1387 Sancti
1128 1356 1273 1388 nominis
1289 1356 1336 1388 tui
1352 1356 1488 1388 domine
1503 1356 1669 1395 timorem,
1690 1354 1729 1397 76

999 1398 1161 1474 Spiiritum
1183 1399 1281 1432 nobis
1301 1400 1437 1432 domine
1460 1405 1537 1432 tuae
1560 1399 1732 1432 charitatis
1754 1400 1803 1432 in-

1055 1443 1154 1481 unde,
1197 1444 1216 1475 8

999 1453 1194 1519 Subiecturii
1209 1486 1270 1518 tibi
1282 1486 1444 1528 populum
1455 1497 1654 1529 quaesumus
1669 1486 1806 1519 domine

1042 1529 1247 1572 propitiatio,
1264 1539 1282 1570 5
1291 1540 1303 1562 1

998 1572 1072 1605 Tua
1088 1583 1149 1605 nos
1164 1583 1364 1616 quaesumus
1380 1573 1515 1605 domine
1527 1572 1645 1615 gratia,
1663 1584 1702 1618 9¹

1000 1616 1071 1649 Ure
1086 1617 1163 1659 igne
1178 1617 1284 1649 sancti
1300 1616 1434 1659 spiritus
1450 1627 1555 1653 renes,
1572 1616 1614 1658 46

998 1659 1107 1692 Visita
1123 1671 1321 1702 quaesumus
1337 1660 1472 1692 domine
1487 1660 1740 1700 habitationem,
1761 1671 1778 1692 2
1783 1669 1801 1702 5

997 1704 1089 1736 Vota
1111 1714 1310 1747 quaesumus
1336 1704 1472 1736 domine
1501 1703 1719 1746 supplicantis
1743 1714 1802 1747 po-

1040 1747 1112 1790 puli
1128 1747 1274 1787 coelesti,
1297 1757 1346 1789 31,
1365 1749 1406 1790 38
