2066 3392
1020 233 1123 260 XXX

305 339 629 394 quinquaginta
670 342 780 382 duas
822 343 1071 384 dominicas
1108 344 1151 385 in
1194 344 1313 386 hunc
1355 346 1537 388 modum
1580 346 1844 389 distributas.

303 409 520 452 videlicet.
553 417 763 464 quattuor
793 412 849 453 de
881 413 1090 465 aduentu,
1124 414 1237 455 inter
1267 428 1377 468 quas
1409 421 1453 456 et
1485 415 1847 470 septuagesimam

306 478 540 519 necessario
562 479 767 521 adminus
790 480 991 523 incidunt
1013 488 1113 531 tres,
1136 497 1237 537 quae
1260 483 1542 537 appellantur
1564 484 1659 539 post
1680 485 1848 526 aduen-

304 549 412 586 tum.
486 546 602 589 Sunt
643 549 777 588 etiam
820 549 918 589 aliae
960 555 1049 590 tres
1099 549 1439 603 septuagesimae,
1481 551 1763 606 sexagesimae
1804 558 1849 593 et

304 615 690 668 quinquagefimae‚
732 630 905 658 necnon
955 624 1167 671 quattuor
1214 619 1561 673 quadragesimae
1607 619 1849 674 cumalijS

305 685 478 725 duabus
511 685 566 725 de
587 686 791 739 passione,
816 693 860 728 et
883 687 1143 740 palmarum.
1208 689 1383 730 Deinde
1406 689 1564 743 pascha
1586 696 1630 731 et
1652 690 1750 731 aliae
1773 690 1848 731 sex

305 754 401 807 post
433 754 601 808 pascha.
667 756 880 797 Proximo
922 756 1020 797 loco
1052 758 1339 811 pentecostes,
1372 760 1486 800 inter
1516 774 1650 814 quam
1683 767 1728 801 et
1763 761 1849 814 pri—

306 837 425 864 mam
457 825 676 865 aduentus
709 826 942 866 necessario
974 826 1030 867 ad
1064 828 1210 868 minus
1244 828 1544 869 interueniunt
1572 829 1728 882 viginti
1760 835 1849 870 tres

305 891 552 940 dominicae,
573 906 673 945 quae
695 893 998 947 appellantur¹
1022 894 1118 948 post
1140 896 1434 949 pentecosten.
1499 896 1613 938 Sunt
1635 902 1850 950 praeterea

305 960 501 1013 quinque
524 961 621 1001 aliae
654 975 764 1014 quas
797 963 959 1003 idcirco
982 963 1212 1016 Vagantes
1234 963 1372 1005 visum
1395 965 1456 1006 est
1479 965 1720 1018 appellare,
1743 967 1848 1019 quia

305 1035 486 1082 propter
515 1030 774 1071 varietatem
805 1031 1131 1084 septuagesimae
1161 1046 1249 1073 non
1273 1033 1442 1087 semper
1462 1034 1630 1075 habent
1659 1036 1847 1076 eandem

304 1097 460 1138 sedem.
496 1097 566 1139 sed
604 1099 865 1152 quibusdam
903 1101 1031 1141 annis
1066 1102 1266 1143 incidunt
1303 1117 1460 1144 omnes
1495 1104 1691 1157 quinque
1725 1104 1848 1145 simul

304 1165 418 1206 inter
458 1167 634 1207 tertiam
672 1167 767 1220 post
808 1169 1051 1209 aduentum
1092 1176 1136 1210 et
1178 1170 1552 1225 septuagefimam,
1585 1172 1847 1225 quibusdam

302 1248 418 1281 vero,
462 1234 575 1275 inter
614 1235 868 1288 vigesimam
911 1237 1087 1279 tertiam
1131 1238 1225 1292 post
1257 1240 1541 1293 pentecosten
1583 1247 1627 1281 et
1658 1241 1847 1294 primam

303 1303 533 1345 aduentus.
584 1304 701 1358 Alijs
723 1311 874 1346 autem
898 1307 1024 1347 annis
1049 1306 1185 1360 (quod
1206 1307 1479 1362 frequentius
1496 1310 1734 1362 contingit)
1758 1323 1847 1351 non

303 1385 457 1413 omnes
493 1374 689 1428 quinque
722 1375 858 1424 simul,
898 1376 970 1417 sed
1005 1382 1181 1418 tantum
1225 1392 1326 1431 pars
1367 1392 1519 1419 earum
1554 1378 1708 1419 incidit
1743 1385 1847 1419 ante

303 1441 679 1496 septuagesimam,
715 1451 759 1486 et
793 1445 962 1499 reliqua
1002 1460 1104 1500 pars
1141 1447 1292 1500 postea
1328 1454 1432 1488 ante
1474 1448 1731 1489 aduentum.
1793 1448 1845 1488 In

302 1510 518 1552 breuiario
549 1519 699 1554 autem
731 1513 873 1554 officia
906 1528 1056 1555 earum
1090 1514 1235 1555 locata
1267 1514 1364 1555 sunt
1395 1516 1510 1556 inter
1542 1516 1719 1556 tertiam
1752 1515 1847 1570 post

302 1579 559 1630 aduentum,
599 1587 644 1622 et
685 1581 1061 1636 septuagesimam,
1095 1583 1396 1624 distribuenda
1433 1583 1609 1636 singulis
1642 1583 1768 1624 annis
1799 1590 1847 1624 vt

302 1647 544 1698 inciderint,
576 1651 695 1703 quod
728 1650 1108 1704 quemadmodum
1141 1651 1233 1692 fieri
1265 1652 1440 1700 debeat,
1471 1652 1515 1692 in
1547 1652 1754 1706 proxima
1786 1651 1845 1692 se-

300 1718 453 1769 quenti
486 1718 637 1771 regula
668 1719 848 1761 dicetur.
913 1719 988 1760 Est
1020 1726 1170 1760 autem
1203 1720 1528 1761 aduertendum
1561 1721 1680 1774 quod
1714 1722 1846 1761 inter-

301 1786 408 1826 dum
442 1786 539 1827 sunt
571 1788 989 1841 quinquagintatres
1021 1789 1257 1830 dominicae
1289 1790 1408 1843 quod
1451 1796 1603 1831 tamen
1638 1804 1726 1831 non
1762 1790 1846 1831 fre-

301 1856 507 1908 quentius
533 1870 666 1910 quam
697 1857 822 1898 sexto
852 1872 1029 1912 quoque
1058 1873 1175 1899 anno
1207 1860 1464 1913 contingere
1495 1860 1638 1914 potest
1666 1867 1711 1902 et
1739 1866 1846 1902 tunc

301 1924 492 1965 officium
515 1926 642 1967 vnius
665 1927 888 1980 repetitur,
910 1934 958 1968 vt
982 1928 1022 1967 in
1048 1927 1242 1981 sequenti
1266 1928 1427 1982 regula.

457 2069 501 2115 (Ι
530 2066 744 2118 Quomodo
765 2068 1072 2124 distribuenda²
1081 2070 1192 2123 sunt
1204 2069 1217 2089 ³
1238 2070 1461 2112 dominicae
1481 2078 1696 2125 vagantes.

390 2183 434 2228 ([
476 2181 632 2221 Finitis
666 2182 806 2222 tribus
841 2183 1075 2223 dominicis
1112 2183 1207 2237 post
1243 2184 1486 2225 aduentum
1521 2198 1623 2225 cum
1654 2185 1843 2227 totidem

301 2249 594 2290 hebdomadis
627 2249 653 2289 sl
686 2251 910 2291 dominica
943 2251 1087 2292 statim
1121 2251 1304 2305 sequens
1346 2252 1475 2293 fuerit
1517 2252 1844 2308 septuagesima,

301 2318 563 2358 omittentur
598 2324 702 2359 tunc
734 2333 888 2360 omnes
921 2320 1115 2374 quinque
1146 2327 1359 2374 vagantes
1392 2321 1662 2363 resumendae
1694 2323 1844 2376 postea

302 2386 416 2426 inter
436 2387 688 2440 vigesimam
713 2389 888 2429 tertiam
912 2389 1006 2442 post
1028 2390 1309 2443 pentecosten
1333 2396 1376 2431 et
1398 2391 1586 2444 primam
1614 2391 1844 2435 aduentus.

304 2454 351 2495 Si
393 2469 496 2495 vero
539 2469 626 2495 non
664 2456 809 2498 statim
845 2465 1046 2499 occurrat
1086 2458 1416 2512 septuagesima,
1455 2458 1616 2512 legitur
1655 2461 1712 2501 de
1745 2460 1844 2514 ipsis

302 2523 567 2575 vagantibus
595 2525 820 2578 quousque
843 2526 934 2579 ipsa
955 2532 1166 2574 occurrat,
1190 2541 1242 2567 ea
1264 2534 1413 2568 autem
1436 2534 1691 2568 occurrente
1712 2529 1844 2570 cessa-

302 2590 411 2631 bunt
453 2597 574 2642 tunc,
607 2607 707 2645 quae
750 2593 1039 2647 superfuerint
1079 2601 1307 2648 vagantes,
1350 2602 1394 2636 et
1435 2596 1708 2636 resumentur
1748 2597 1844 2651 post

301 2659 553 2712 vigesimam
577 2662 753 2702 tertiam
777 2662 872 2715 post
900 2663 1194 2716 pentecosten.
1258 2663 1321 2704 At
1345 2678 1400 2704 ne
1422 2665 1616 2705 incertus
1639 2665 1736 2718 quis
1759 2666 1844 2707 esse

302 2729 427 2781 possit
450 2727 475 2769 a
498 2743 583 2782 qua
605 2727 821 2771 diftarum
845 2732 1104 2784 vagantium
1129 2738 1234 2772 tunc
1256 2733 1418 2774 debeat
1441 2733 1643 2787 incipere,
1666 2734 1843 2784 oblitus,

301 2798 516 2847 videlicet,
559 2798 602 2838 in
645 2813 731 2851 qua
773 2800 943 2841 deflerit
985 2807 1088 2841 ante
1135 2801 1509 2854 septuagesimam,
1551 2804 1755 2844 aduertat
1797 2805 1840 2844 in

301 2866 451 2906 tabula
474 2866 568 2919 post
590 2867 890 2909 calendarium
915 2869 1063 2922 possta,
1088 2877 1197 2922 quot
1221 2871 1451 2911 dominicae
1472 2878 1686 2923 vagantes
1710 2872 1841 2912 inter-

350 2989 358 3009 Ἰ
388 2989 619 3033 appellentur
651 3003 657 3024 :
686 2992 723 3024 P.
1148 2994 1258 3039 ³stnt
1280 2987 1350 3028 z'R.
1374 2995 1411 3028 P.

348 3035 361 3056 ²
386 3036 641 3079 distribuendoe
665 3049 671 3072 ε
694 3039 735 3071 R.
758 3039 795 3074 P.
817 3039 860 3074 A.
