2066 3392
226 180 303 219 182

226 269 530 311 inuitatorz'zmz
551 269 603 309 de
627 269 845 310 communi
871 268 1026 323 aposto-

224 327 375 368 lorum.
440 327 602 369 Oratio,

317 401 527 444 Cclesiam
563 407 687 442 tuam
729 401 910 442 domine
951 401 1028 441 be-

349 460 509 513 nignus
541 459 713 508 illustra,
738 465 784 500 vt
810 458 929 499 beati
958 459 1028 499 Io-

227 518 353 558 annis
375 517 560 571 apostoli
582 517 646 557 tui
675 523 719 558 et
747 515 1028 570 euangelistae

229 575 477 616 illuminata
519 573 729 616 doctrinis
768 588 776 615 :
814 574 870 614 ad
912 575 1030 615 dona

227 634 456 687 perueniat
478 632 740 686 sempiterna
765 645 773 673 ε
795 645 882 685 per.

498 740 643 782 Leb‘t’io
665 738 759 794 ‚z’2j².

238 828 466 910 IOannes
502 825 723 880 apostolus
761 830 805 866 et
842 838 1032 877 euange-

312 885 418 936 lista,
451 885 525 938 qui
559 897 660 925 cum
698 883 863 924 Iacobo
899 882 1031 923 fratre

232 943 452 986 Christum
505 942 546 983 se
586 947 822 983 vocantem
870 939 1032 981 reliffis

232 1002 398 1043 retibus
420 1006 464 1042 et
481 1006 607 1054 patre
630 999 840 1040 zebedaeo
862 998 1033 1039 secutus

231 1059 303 1110 est,
330 1060 440 1100 mira
469 1059 685 1099 charitate
717 1056 936 1099 Christum
968 1057 1032 1097 di-

233 1118 355 1166 lexit,
400 1117 548 1170 estque
594 1116 651 1156 ab
697 1115 788 1169 ipso
835 1115 1032 1155 maxime

232 1176 431 1216 omnium
480 1173 790 1227 discipulorum
834 1170 1031 1212 dilectus.

235 1234 370 1275 Hunc
401 1233 518 1274 enim
553 1231 749 1274 Christus
780 1230 866 1271 suae
898 1229 1033 1271 trans-

233 1291 483 1346 figurationi
515 1290 654 1331 voluit
687 1302 787 1330 cum
827 1289 957 1329 Petro
989 1293 1033 1329 et

234 1350 391 1390 iacobo
432 1349 565 1390 fratre
606 1347 813 1389 interesse.
857 1351 901 1387 et
932 1359 1033 1387 cum

234 1407 396 1448 eisdem
419 1407 460 1448 se
482 1406 681 1447 comitari
700 1406 755 1446 ad
776 1404 877 1445 Iairi
895 1403 1034 1444 archi-

233 1466 444 1520 synagogi
492 1464 627 1505 filiam
680 1462 919 1504 sanandam
970 1462 1035 1502 in-

233 1524 521 1578 gredientem.
551 1522 757 1575 idemque
779 1534 879 1561 cum
905 1520 1035 1560 Petro

234 1582 382 1622 missus
424 1580 496 1630 est,
530 1586 578 1621 vt
611 1579 672 1619 illi
709 1578 868 1631 pascha
909 1591 1035 1631 para-

235 1646 330 1680 rent
364 1655 372 1680 :
406 1640 446 1679 in
483 1651 623 1691 eaque
654 1636 873 1690 postrema
906 1649 1034 1675 coena

235 1699 277 1738 in
301 1697 390 1738 sinu
420 1696 587 1737 domini
617 1695 826 1745 recubuit,
849 1700 892 1734 et
922 1693 1034 1734 solus

234 1756 295 1797 est
329 1754 454 1795 ausus
487 1754 675 1794 eundem
708 1753 764 1794 de
798 1752 1034 1805 proditoris

236 1814 415 1854 nomine
472 1811 729 1866 percontari.
794 1810 853 1851 Et
914 1809 1033 1863 quod

236 1871 296 1912 est
336 1871 535 1911 omnium
577 1869 826 1910 maximum
869 1872 1035 1908 mutuae

235 1927 483 1970 dilectionis
499 1932 822 1981 argumentum,
839 1925 1034 1967 Christus

236 2001 336 2028 cum
360 1987 572 2040 penderet
601 1986 643 2025 in
672 1998 799 2025 cruce
826 1983 927 2024 huic
956 1997 1036 2037 po-

235 2046 442 2086 tissimum
465 2050 652 2085 matrem
670 2043 790 2083 suam
812 2054 1036 2083 commen-

236 2104 372 2145 dauit.
407 2103 463 2143 ad
503 2115 600 2143 eam
638 2101 755 2142 enim
792 2098 1037 2148 conuersus,

239 2161 400 2202 Mulier
431 2159 609 2214 (inquit)
641 2172 742 2200 ecce
778 2157 891 2198 filius
922 2163 1037 2207 tuus,

238 2226 282 2260 et
304 2219 360 2260 ad
376 2218 511 2268 illum,
530 2218 646 2259 Ecce
663 2222 805 2257 mater
820 2221 909 2257 tua.
948 2215 1036 2255 Hic

237 2291 415 2331 quoque
455 2277 622 2331 primus
670 2275 869 2315 omnium
913 2272 1036 2326 apos-

236 2334 428 2376 tolorum
462 2333 558 2388 post
589 2329 946 2374 resurreffionem
979 2331 1035 2372 ad

238 2398 589 2441 monumentum,
634 2390 844 2444 peruenit.
909 2389 1035 2430 Idem

239 2451 410 2492 caeteris
433 2449 677 2503 euangelijs
700 2447 959 2502 approbatis
981 2447 1037 2487 ad

238 2509 507 2549 asserendam
554 2506 711 2548 Christi
758 2505 1036 2546 diuinitatem

237 2572 390 2607 contra
463 2564 729 2606 Hebionitas
796 2563 1039 2612 haereticos,

238 2623 398 2677 scripsit
429 2623 710 2675 euangelium
733 2620 913 2662 vltimus
945 2634 1037 2660 om-

238 2683 360 2722 nium
395 2682 438 2721 in
472 2680 587 2720 Asia.
651 2680 765 2721 Cum
805 2685 954 2719 autem
993 2678 1035 2718 in

238 2739 538 2793 persecutione
587 2737 833 2778 Domitiani
877 2736 1036 2789 Ephesi

237 2803 407 2850 captus,
448 2803 492 2837 et
545 2796 703 2836 Romae
743 2795 811 2848 (vt
862 2793 1036 2834 Tertul-

239 2855 380 2896 lianus
403 2854 463 2895 est
491 2854 665 2905 author)
691 2854 733 2893 in
763 2852 930 2904 dolium
955 2851 1035 2892 ser-

309 2961 320 2982 ¹
347 2961 407 2995 die
425 2969 493 3000 .27.
512 2961 553 2994 in
571 2971 617 2993 m.

308 3008 321 3029 ²
349 3008 529 3042 Drusiana
549 3019 555 3041 :
578 3008 614 3040 P.

914 191 986 223 DE
991 191 1166 224 CEMBE
1167 194 1211 225 R.

1099 271 1242 311 uentis
1282 271 1367 312 olei
1414 269 1623 320 deiectus,
1663 270 1897 312 incolumis

1099 328 1361 377 euasisset,in
1386 329 1606 370 Pathmon
1627 328 1809 369 insulam
1833 342 1897 368 re-

1098 385 1269 440 legatus
1291 386 1362 436 est,
1379 387 1452 428 vbi
1474 386 1772 440 apocalypsim
1794 399 1898 427 con-

1099 443 1269 497 scripsit.
1330 444 1464 486 Vnde
1501 443 1707 486 reductus
1749 443 1898 498 Ephe-

1099 501 1202 551 sum,
1237 500 1365 555 (affis
1398 503 1645 543 Domitiani
1678 501 1774 556 post
1804 501 1898 542 eius

1100 565 1284 600 mortem
1319 559 1345 601 a
1376 560 1525 602 senatu
1558 559 1751 613 rescissis)
1783 560 1898 601 Dru-

1101 616 1286 658 sianam²
1322 618 1475 672 insigni
1517 619 1729 672 religione
1771 617 1899 658 muli-

1102 689 1218 716 erem
1236 689 1377 729 nuper
1397 675 1652 718 defunGtam
1675 676 1719 717 in
1741 674 1899 718 Christi

1077 776 1079 778 ,
1101 734 1305 774 nazareni
1329 734 1507 775 nomine
1532 735 1588 775 ad
1609 735 1746 775 vitam
1776 747 1900 774 reuo-

1101 792 1228 832 cauit.
1267 806 1356 846 quo
1396 792 1608 833 miraculo
1644 791 1809 833 multos
1841 791 1898 832 ad

1101 863 1250 890 veram
1303 849 1436 890 fidem
1482 851 1700 891 conuertit
1751 850 1900 903 ibique

1102 906 1235 960 vsque
1271 908 1327 948 ad
1370 908 1611 948 Traianum
1655 908 1899 961 principem

1103 965 1394 1018 perseuerans,
1422 965 1622 1006 ecclesias
1653 965 1769 1006 Asiae
1802 964 1828 1006 a
1859 964 1900 1006 se

1102 1023 1310 1064 fundatas
1332 1021 1586 1064 sanctissime
1608 1024 1734 1066 rexit.
1782 1023 1901 1064 Tan-

1102 1082 1205 1122 dem
1237 1081 1354 1122 senio
1379 1079 1603 1122 confectus
1632 1081 1901 1135 sexagesimo

1102 1137 1268 1180 octauo
1303 1139 1398 1193 post
1449 1140 1687 1193 passionem
1733 1138 1902 1180 domini

1104 1211 1233 1247 ann0,
1267 1197 1353 1238 suae
1387 1211 1489 1238 vero
1532 1198 1676 1238 aetatis
1708 1210 1901 1250 nonage-

1103 1255 1208 1295 simo
1250 1269 1369 1296 nono
1411 1253 1619 1296 structum
1661 1255 1736 1296 sibi
1781 1254 1901 1308 apud

1105 1313 1327 1366 Ephesum
1343 1313 1618 1366 sepulchrum
1635 1313 1789 1354 viuens
1803 1312 1900 1354 sub-

1105 1371 1164 1423 ijt.
1199 1371 1316 1411 Tum
1335 1371 1538 1425 splendor
1551 1371 1722 1412 tumulo
1736 1371 1904 1412 circun-

1104 1429 1231 1477 fusus,
1259 1429 1342 1469 loci
1374 1429 1650 1483 hominisque
1677 1427 1901 1482 aspectum

1104 1487 1469 1528 circunstantibus
1487 1487 1666 1536 ademit,
1685 1501 1775 1540 quo
1789 1486 1904 1540 post-

1106 1546 1289 1586 modum
1341 1546 1603 1593 remittente,
1645 1545 1775 1586 inane
1826 1558 1904 1598 ap-

1105 1604 1250 1656 paruit
1272 1603 1580 1651 conditorium,
1595 1616 1675 1643 nec
1697 1602 1786 1656 ipse
1808 1602 1903 1656 post

1105 1661 1147 1702 id
1171 1668 1346 1715 tempus
1369 1660 1428 1702 est
1451 1662 1494 1701 in
1517 1662 1642 1701 terris
1663 1660 1787 1702 visus.

1162 1812 1206 1857 (Ι
1239 1808 1484 1849 Innocentes
1515 1814 1726 1860 martyres
1754 1806 1907 1860 duplex

1104 1868 1260 1909 minus.
1320 1866 1465 1907 Lesz‘o
1487 1865 1626 1908 tertia.
1682 1865 1756 1906 Ex
1772 1865 1906 1919 capite

1107 1922 1319 1968 Secund0³
1340 1921 1575 1966 Mattlzoei⁴.

1105 2031 1337 2116 ANgelus
1382 2032 1552 2073 domini
1603 2032 1810 2086 apparuit
1860 2031 1904 2073 in

1229 2090 1390 2131 somnis
1408 2090 1577 2144 Ioseph,
1591 2091 1754 2139 dicem,
1764 2090 1906 2144 Surge

1110 2148 1332 2190 ...Rachel
1364 2148 1543 2202 plorans
1575 2148 1688 2189 filios
1720 2148 1830 2197 suoe,
1861 2153 1905 2189 et

1107 2207 1248 2248 noluit
1271 2206 1483 2248 consolari
1505 2207 1609 2260 quia
1630 2219 1719 2247 non
1742 2205 1851 2248 sunt.

1427 2349 1590 2391 Oratio.

1115 2445 1294 2529 DEus
1317 2446 1440 2487 cuius
1462 2446 1676 2487 hodierna
1697 2446 1768 2487 die
1797 2460 1906 2500 prae-

1216 2504 1393 2544 conium
1411 2504 1676 2545 Innocentes
1691 2510 1907 2558 martyres

1107 2575 1196 2602 non
1219 2561 1441 2615 loquendo
1464 2562 1535 2603 sed
1558 2562 1788 2603 moriendo
1804 2576 1907 2603 con-

1108 2619 1195 2660 fessi
1225 2619 1322 2661 sunt
1347 2633 1355 2661 z
1378 2621 1528 2661 omnia
1558 2620 1601 2660 in
1632 2620 1759 2660 nobis
1779 2621 1907 2661 vitio-

1107 2691 1202 2718 rum
1245 2677 1363 2718 mala
1399 2677 1616 2718 mortifica
1650 2693 1659 2718 ε
1691 2684 1739 2718 vt
1772 2677 1905 2719 fidem

1105 2741 1242 2785 tuam,
1265 2749 1398 2789 quam
1421 2735 1573 2788 lingua
1595 2735 1739 2776 nostra
1767 2735 1907 2789 loqui-

1106 2800 1177 2834 tur
1218 2809 1226 2834 :
1267 2794 1401 2834 etiam
1444 2793 1637 2834 moribus
1666 2794 1757 2834 vita
1798 2793 1907 2835 fate-

1106 2857 1205 2892 atur
1227 2867 1235 2892 :
1256 2865 1344 2905 per.

1178 2957 1192 2979 3
1217 2956 1268 3003 [ἰί.
1292 2955 1455 3002 13—18.]

1179 3004 1192 3026 ⁴
1218 3005 1277 3039 die
1301 3005 1351 3039 18.
1371 3005 1412 3038 in
1430 3016 1476 3038 m.
1495 3003 1538 3038 V.
1584 3003 1644 3039 die
1664 3003 1729 3038 28:
1749 3003 1791 3038 R.
1809 3003 1846 3037 P.
1862 3004 1907 3038 A.
