2066 3392
220 204 300 246 116

214 296 405 338 nexibus
436 294 688 336 liberemur:
724 292 799 347 qui
831 291 943 334 viuis
975 296 1020 333 et

214 368 384 409 regnas,

217 461 262 507 (I
286 457 367 499 Ad
383 457 650 499 matutinum
682 453 1019 497 mammutium&

275 544 344 584 Tu
377 557 423 584 es
454 542 600 596 pastor
630 541 781 582 ouium
819 540 1022 594 princeps

217 601 526 655 apostolorum,
563 600 644 640 tibi
686 598 869 640 tradidit
911 598 1019 639 deus

216 659 363 701 claues
387 659 509 713 regni
532 657 757 699 coelorum.

514 769 729 823 Hymnus.

274 847 365 889 Am
388 846 504 888 bone
521 845 667 899 pastor
685 845 812 886 Petre
828 842 1022 885 clemens

308 905 459 958 accipe
493 904 615 945 Vota
650 906 940 956 praecantum,
978 906 1023 941 et

219 963 389 1018 peccati
418 961 592 1004 vincula
623 958 810 1001 Resolue
838 958 918 1000 tibi
945 972 1023 1012 po-

219 1021 376 1064 testate
397 1017 598 1062 tradita²z
634 1018 735 1073 Qua
749 1014 917 1058 cunctis
934 1030 1021 1057 coe-

222 1080 314 1121 lum
336 1078 470 1120 verbo
493 1077 673 1124 claudis,
695 1076 850 1129 aperis.

282 1137 351 1179 Sit
372 1135 558 1178 trinitati
584 1134 847 1188 sempiterna
869 1131 1023 1186 gloria:

226 1197 395 1243 Honor,
424 1193 628 1248 potestas,
659 1198 793 1245 atque
825 1189 1025 1231 iubilatio

225 1254 277 1294 In
309 1253 478 1295 vnitate
509 1251 578 1292 cui
610 1256 761 1292 manet
793 1248 1025 1302 imperium

226 1312 300 1352 Ex
344 1324 458 1351 nunc
495 1316 539 1350 et
581 1309 716 1349 modo
753 1321 830 1362 per
862 1312 1028 1348 aeterna

225 1369 377 1411 secula.
439 1368 602 1409 Amen.

506 1464 651 1506 Lec‘lz'o
673 1463 748 1517 jzj.

231 1551 513 1637 CAthedra
545 1550 701 1590 summi
733 1547 1028 1602 pontificatus,

338 1610 460 1651 cuius
492 1608 624 1649 hodie
653 1606 807 1648 festum
837 1604 1028 1646 celebra-

226 1682 334 1718 mus,
382 1666 587 1721 promissa
628 1665 688 1706 est
735 1665 878 1711 Petro,
925 1676 1026 1704 cum

227 1725 421 1769 Christus
472 1725 510 1765 ei
562 1723 688 1771 dixit,
740 1727 788 1762 vt
842 1721 1030 1762 habetur

228 1783 434 1825 Matthaei
467 1781 566 1835 .xvj.
598 1781 754 1834 capite.
797 1780 896 1833 Ego
929 1779 1028 1819 dico

228 1842 320 1891 tibi,
349 1841 453 1896 quia
481 1846 528 1881 tu
560 1853 605 1880 es
639 1838 805 1886 Petrus,
831 1843 875 1878 et
902 1836 1029 1889 super

226 1900 341 1941 hanc
363 1905 533 1953 petram
556 1896 788 1938 aedificabo
804 1894 1027 1936 ecclesiam

229 1971 375 1999 meam
399 1973 406 1998 :
429 1963 473 1997 et
493 1961 634 2009 portae
659 1953 783 1995 inferi
806 1966 894 1993 non
918 1966 1029 2006 prae-

230 2016 442 2057 ualebunt
463 2012 669 2055 aduersus
695 2025 804 2053 eam.
867 2011 926 2051 Et
949 2009 1029 2050 tibi

230 2074 347 2115 dabo
369 2072 516 2114 claues
539 2071 659 2125 regni
683 2069 907 2111 coelorum.
970 2067 1030 2108 Et

230 2132 527 2186 quodcunque
558 2128 762 2182 ligaueris
797 2127 924 2180 super
945 2132 1030 2167 ter-

230 2204 336 2237 ram,
359 2189 441 2230 erit
466 2188 652 2241 ligatum
680 2192 724 2227 et
752 2186 795 2226 in
824 2184 959 2232 coelis,
987 2190 1032 2224 et

230 2248 526 2302 quodcunque
572 2244 748 2286 solueris
789 2243 914 2296 super
947 2248 1032 2283 ter-

230 2320 335 2354 ram,
373 2304 454 2346 erit
495 2302 684 2344 solutum
727 2307 771 2342 et
813 2301 855 2341 in
896 2299 1029 2341 coelis.

233 2364 317 2405 His
343 2363 475 2416 igitur
498 2361 640 2402 verbis
664 2359 858 2402 Christus
885 2358 1033 2398 cathe-

230 2423 356 2463 dram
374 2419 529 2461 summi
546 2417 772 2471 sacerdotij
794 2417 923 2458 Petro
938 2415 1032 2470 pol-

230 2479 375 2520 licitus
404 2483 645 2530 antequam
674 2480 909 2529 pateretur,
931 2487 1033 2514 ean-

230 2538 333 2579 dem
348 2535 530 2578 tradidit
547 2533 642 2588 post
659 2530 1035 2574 resurreffionem:

232 2608 331 2636 cum
369 2600 436 2635 ter
466 2592 542 2646 ipsi
576 2592 698 2632 suum
730 2603 909 2644 gregem
939 2588 1034 2643 pas-

231 2651 421 2694 cendum
447 2649 790 2691 commendaret.
853 2648 923 2688 De
944 2660 1033 2701 quo

232 2711 286 2751 sic
309 2709 469 2763 scripsst
493 2708 695 2756 Ioannes,
714 2705 843 2747 Dixit
862 2704 1033 2748 Simoni

235 2769 365 2809 Petro
395 2766 525 2815 Iesus,
555 2764 710 2806 Simon
745 2764 856 2805 Iona
887 2762 1034 2815 diligis

234 2839 306 2866 me
327 2824 426 2879 plus
447 2823 540 2864 his?
573 2822 695 2864 Dicit
717 2822 767 2871 ei,
783 2821 933 2862 Etiam
955 2821 1033 2861 do-

305 2947 318 2970 1
343 2947 403 2982 die
421 2957 487 2981 .22.
508 2947 549 2980 in
568 2957 614 2980 m.

305 2994 319 3016 ²
344 2994 523 3029 tradidita
545 3005 552 3028 ι
571 2993 613 3026 Α.

306 3041 319 3063 3
345 3047 380 3076 et
404 3052 495 3075 :0m.
519 3041 555 3074 P.

886 214 1020 248 FEBR
1026 213 1088 247 UA
1093 213 1220 246 RIUS.

1088 290 1218 340 mine,
1231 294 1279 331 tu
1297 288 1387 338 scis,
1400 287 1504 342 quia
1525 300 1628 329 amo
1649 292 1705 329 te.
1766 283 1888 328 Dicit

1089 349 1140 399 ei,
1168 347 1298 389 Pasce
1329 360 1469 401 agnos
1500 359 1634 387 meos
1697 343 1819 386 Dicit
1845 342 1884 384 ei

1089 406 1261 456 iterum,
1288 404 1444 447 Simon
1472 403 1583 445 Iona
1615 402 1762 456 diligis
1791 399 1888 442 me?

1089 463 1171 505 Ait
1204 462 1276 512 illi,
1310 463 1458 504 Etiam
1493 461 1683 510 domine,
1715 465 1763 501 tu
1796 458 1888 508 scis,

1089 521 1192 576 quia
1213 534 1315 562 amo
1337 526 1393 562 te.
1453 519 1574 560 Dicit
1596 519 1647 567 ei,
1668 517 1797 559 Pasce
1813 530 1890 570 ag-

1090 593 1170 620 nos
1185 592 1318 620 meos.
1372 578 1493 619 Dicit
1514 577 1553 618 ei
1570 576 1713 625 tertio,
1731 574 1888 617 Simon

1092 637 1203 678 Iona
1224 650 1348 678 amas
1370 635 1465 676 me?
1517 633 1811 677 contristatus
1828 631 1890 673 est

1090 695 1255 744 Petrus,
1277 694 1381 748 quia
1401 693 1518 735 dixit
1542 693 1581 733 ei
1607 691 1738 733 tertio
1766 703 1890 732 amas

1092 766 1172 794 me.
1237 753 1297 793 Et
1337 751 1454 792 dixit
1504 750 1556 800 ei,
1599 749 1730 790 Pasce
1781 761 1890 789 oues

1091 824 1223 851 meas.
1277 810 1432 851 Petrus
1461 808 1594 862 igitur
1622 806 1717 861 post
1745 805 1890 848 ascen-

1091 869 1253 910 slonem
1289 866 1444 909 Christi
1478 866 1534 908 ad
1572 871 1756 920 patrem,
1789 876 1890 905 cum

1092 927 1295 975 Pontum,
1329 924 1582 973 Gallatiam,
1615 922 1892 976 Bithyniam:

1092 983 1157 1025 et³
1219 982 1554 1037 Cappadociam
1625 979 1892 1035 peragrasset

1092 1042 1226 1084 fidem
1256 1040 1412 1083 Christi
1441 1039 1722 1094 predicando,
1743 1044 1788 1079 et
1809 1037 1893 1079 ser—

1093 1113 1278 1153 monemv
1317 1097 1538 1139 miraculis
1578 1095 1893 1145 confirmando,

1093 1157 1382 1199 Antiochiam
1408 1155 1601 1197 reuersus
1632 1153 1693 1195 est
1715 1167 1724 1196 z
1746 1153 1894 1207 ibique

1093 1215 1362 1264 cathedram,
1379 1214 1463 1254 hoc
1485 1212 1545 1254 est
1562 1213 1708 1254 sedem
1723 1210 1895 1266 aposto-

1094 1273 1237 1322 licam,
1286 1272 1399 1322 fixit,
1449 1271 1680 1324 tenuitque
1729 1269 1895 1323 septem

1095 1345 1247 1382 annos,
1269 1331 1411 1372 donec
1433 1329 1539 1370 iussu
1569 1329 1641 1370 dei
1664 1327 1728 1382 (vt
1752 1326 1895 1369 verbis

1094 1395 1193 1431 vtar
1215 1388 1413 1430 Marcelli
1439 1401 1568 1442 papae
1597 1393 1642 1428 et
1673 1384 1895 1439 martyris)

1097 1461 1195 1488 eam
1218 1446 1437 1488 transtulit
1464 1446 1670 1493 Romam,
1693 1443 1896 1484 immobi-

1098 1506 1274 1559 lemque
1295 1503 1458 1546 locauit
1482 1518 1490 1544 :
1513 1508 1560 1544 vt
1577 1502 1634 1543 ad
1652 1500 1896 1543 commodi·
1951 1513 1953 1515 ’

1096 1570 1236 1604 tatem
1254 1562 1587 1603 christianorum
1609 1566 1654 1601 et
1676 1558 1897 1613 religionis

1097 1626 1387 1675 augmentum
1396 1619 1416 1659 s
1414 1619 1516 1660 edes
1531 1617 1686 1659 summi
1701 1617 1893 1658 sacerdo-

1097 1679 1143 1732 tij
1161 1685 1205 1720 et
1213 1678 1402 1719 ecclefiae
1416 1682 1551 1730 caput
1569 1675 1673 1716 esset
1694 1675 1738 1715 in
1752 1688 1805 1715 ea
1818 1687 1897 1728 po-

1096 1737 1301 1778 tiffimum
1330 1735 1447 1783 vrbe,
1467 1748 1567 1788 quae
1601 1733 1897 1787 principatum

1097 1795 1215 1836 orbis
1236 1793 1478 1835 obtinebat.

1154 1889 1199 1935 ΙΙ
1245 1885 1307 1926 M
1304 1884 1449 1927 athias
1497 1883 1701 1938 apostolus
1748 1880 1904 1934 duplex

1098 1945 1250 1986 maius.
1310 1942 1324 1962 ⁴
1346 1957 1362 1984 z
1379 1942 1527 1996 fuerit
1552 1954 1694 1982 annus
1719 1938 1898 1992 bz'ffexti-

1098 2003 1153 2044 lz‘s
1174 2001 1272 2043 vide
1293 2001 1487 2055 regulam
1505 1998 1748 2054 generalem
1759 1996 1899 2051 supra

1087 2061 1272 2115 positam
1283 2059 1380 2114 post
1394 2056 1689 2100 calendarium
1696 2054 1720 2098 ⁴.

1421 2132 1585 2174 Oratio.

1194 2210 1297 2259 Eus,
1340 2208 1415 2261 qui
1457 2207 1638 2248 beatum
1680 2204 1900 2246 Mathiam

1213 2266 1508 2321 apostolorum
1523 2270 1700 2305 tuorum
1715 2262 1901 2316 collegio

1101 2325 1278 2374 sociasti,
1292 2324 1436 2365 tribue
1451 2322 1700 2376 quaesumus
1719 2335 1728 2362 z
1745 2326 1792 2361 vt
1809 2320 1901 2361 eius

1100 2382 1423 2425 interuentione
1436 2387 1525 2422 tuae
1539 2380 1654 2420 circa
1668 2392 1749 2420 nos
1763 2378 1903 2432 pieta-

1100 2442 1157 2483 tis
1172 2441 1341 2494 semper
1361 2439 1522 2480 viscera
1538 2437 1795 2478 sentiamus:
1826 2448 1905 2490 per

1101 2500 1176 2542 &c.

1347 2573 1492 2615 Laelio
1513 2570 1672 2614 tertia⁵.

1219 2642 1382 2684 Athias
1406 2642 1462 2683 de
1487 2653 1671 2682 numero
1693 2639 1799 2681 .lxx.
1821 2637 1904 2680 dis-

1249 2700 1495 2755 cipulorum
1536 2697 1725 2739 adscitus
1765 2696 1826 2738 est
1860 2696 1903 2737 in

1102 2759 1395 2814 apostolatum
1418 2758 1461 2798 in
1489 2756 1634 2797 locum
1660 2755 1783 2796 Iudae
1805 2768 1904 2808 pro-

1102 2817 1266 2859 ditoris.
1312 2816 1431 2857 Nam
1454 2813 1550 2869 post
1569 2812 1725 2855 Christi
1747 2812 1803 2853 ad
1825 2825 1902 2866 pa-

1182 2938 1238 2962 4-4
1263 2939 1362 2974 omit.
1383 2939 1426 2972 R.
1448 2938 1487 2972 P.
1506 2937 1550 2971 A.

1182 2987 1196 3009 5
1221 2987 1282 3022 die
1301 2995 1355 3029 24.
1375 2986 1416 3020 in
1435 2995 1480 3018 m.
