<?xml version="1.0" encoding="UTF-8"?>
<!DOCTYPE html PUBLIC "-//W3C//DTD XHTML 1.0 Transitional//EN"
    "http://www.w3.org/TR/xhtml1/DTD/xhtml1-transitional.dtd">
<html xmlns="http://www.w3.org/1999/xhtml" xml:lang="en" lang="en">
 <head>
  <title>
</title>
<meta http-equiv="Content-Type" content="text/html;charset=utf-8" />
  <meta name='ocr-system' content='tesseract 3.04.00' />
  <meta name='ocr-capabilities' content='ocr_page ocr_carea ocr_par ocr_line ocrx_word'/>
</head>
<body>
  <div class='ocr_page' id='page_1' title='image "./breviariumromanu00quiuoft/breviariumromanu00quiuoft_0222.png"; bbox 0 0 2066 3392; ppageno 0'>
   <div class='ocr_carea' id='block_1_1' title="bbox 253 192 331 234">
    <p class='ocr_par' dir='ltr' id='par_1_1' title="bbox 253 192 331 234">
     <span class='ocr_line' id='line_1_1' title="bbox 253 192 331 234; baseline -0.013 0"><span class='ocrx_word' id='word_1_1' title='bbox 253 192 331 234; x_wconf 81' lang='lat'>162</span> 
     </span>
    </p>
   </div>
   <div class='ocr_carea' id='block_1_2' title="bbox 249 279 1079 2870">
    <p class='ocr_par' dir='ltr' id='par_1_2' title="bbox 249 279 1079 2870">
     <span class='ocr_line' id='line_1_2' title="bbox 249 279 1057 335; baseline -0.005 -10"><span class='ocrx_word' id='word_1_2' title='bbox 249 280 555 326; x_wconf 86' lang='lat' dir='ltr'>animaduerso</span> <span class='ocrx_word' id='word_1_3' title='bbox 570 279 670 322; x_wconf 89' lang='lat' dir='ltr'>solis</span> <span class='ocrx_word' id='word_1_4' title='bbox 684 285 845 335; x_wconf 83' lang='lat' dir='ltr'>praeter</span> <span class='ocrx_word' id='word_1_5' title='bbox 856 280 1057 322; x_wconf 87' lang='lat' dir='ltr'>ordinem</span> 
     </span>
     <span class='ocr_line' id='line_1_3' title="bbox 252 337 1058 389; baseline -0.005 -6"><span class='ocrx_word' id='word_1_6' title='bbox 252 348 422 383; x_wconf 79' lang='lat' dir='ltr'>naturae</span> <span class='ocrx_word' id='word_1_7' title='bbox 444 337 631 389; x_wconf 58' lang='lat' dir='ltr'>defefitu,</span> <span class='ocrx_word' id='word_1_8' title='bbox 648 352 749 380; x_wconf 92' lang='lat' dir='ltr'>cum</span> <span class='ocrx_word' id='word_1_9' title='bbox 773 338 877 380; x_wconf 88' lang='lat' dir='ltr'>esset</span> <span class='ocrx_word' id='word_1_10' title='bbox 893 339 959 380; x_wconf 89' lang='lat' dir='ltr'>vir</span> <span class='ocrx_word' id='word_1_11' title='bbox 980 352 1058 379; x_wconf 91' lang='lat' dir='ltr'>ex-</span> 
     </span>
     <span class='ocr_line' id='line_1_4' title="bbox 252 395 1057 446; baseline -0.005 -5"><span class='ocrx_word' id='word_1_12' title='bbox 252 399 419 441; x_wconf 92' lang='lat' dir='ltr'>cellens</span> <span class='ocrx_word' id='word_1_13' title='bbox 470 398 591 438; x_wconf 90' lang='lat' dir='ltr'>omni</span> <span class='ocrx_word' id='word_1_14' title='bbox 644 395 858 446; x_wconf 56' lang='lat' dir='ltr'>doftrina,</span> <span class='ocrx_word' id='word_1_15' title='bbox 908 410 1057 438; x_wconf 87' lang='lat' dir='ltr'>coram</span> 
     </span>
     <span class='ocr_line' id='line_1_5' title="bbox 254 430 1059 504; baseline -0.006 -5"><span class='ocrx_word' id='word_1_16' title='bbox 254 457 406 499; x_wconf 91' lang='lat' dir='ltr'>multis</span> <span class='ocrx_word' id='word_1_17' title='bbox 429 454 706 504; x_wconf 81' lang='lat' dir='ltr'>exclamasse,</span> <span class='ocrx_word' id='word_1_18' title='bbox 729 454 826 495; x_wconf 91' lang='lat' dir='ltr'>Aut</span> <span class='ocrx_word' id='word_1_19' title='bbox 849 430 960 495; x_wconf 67' lang='lat' dir='ltr'>deus</span> <span class='ocrx_word' id='word_1_20' title='bbox 983 468 1059 495; x_wconf 88' lang='lat' dir='ltr'>na-</span> 
     </span>
     <span class='ocr_line' id='line_1_6' title="bbox 253 511 1061 567; baseline -0.006 -10"><span class='ocrx_word' id='word_1_21' title='bbox 253 522 365 558; x_wconf 85' lang='lat' dir='ltr'>turae</span> <span class='ocrx_word' id='word_1_22' title='bbox 387 514 565 567; x_wconf 87' lang='lat' dir='ltr'>patitur,</span> <span class='ocrx_word' id='word_1_23' title='bbox 585 519 661 553; x_wconf 89' lang='lat' dir='ltr'>aut</span> <span class='ocrx_word' id='word_1_24' title='bbox 684 513 837 553; x_wconf 91' lang='lat' dir='ltr'>mundi</span> <span class='ocrx_word' id='word_1_25' title='bbox 855 511 1061 553; x_wconf 90' lang='lat' dir='ltr'>machina</span> 
     </span>
     <span class='ocr_line' id='line_1_7' title="bbox 255 569 1060 615; baseline -0.005 -1"><span class='ocrx_word' id='word_1_26' title='bbox 255 572 510 615; x_wconf 90' lang='lat' dir='ltr'>dissoluitur.</span> <span class='ocrx_word' id='word_1_27' title='bbox 574 571 687 612; x_wconf 86' lang='lat' dir='ltr'>Cum</span> <span class='ocrx_word' id='word_1_28' title='bbox 717 576 866 611; x_wconf 87' lang='lat' dir='ltr'>autem</span> <span class='ocrx_word' id='word_1_29' title='bbox 898 569 1060 611; x_wconf 88' lang='lat' dir='ltr'>Paulus</span> 
     </span>
     <span class='ocr_line' id='line_1_8' title="bbox 255 626 1061 677; baseline -0.004 -6"><span class='ocrx_word' id='word_1_30' title='bbox 255 630 462 673; x_wconf 82' lang='lat' dir='ltr'>Athenas</span> <span class='ocrx_word' id='word_1_31' title='bbox 483 628 678 677; x_wconf 90' lang='lat' dir='ltr'>venisset,</span> <span class='ocrx_word' id='word_1_32' title='bbox 699 634 743 669; x_wconf 94' lang='lat' dir='ltr'>et</span> <span class='ocrx_word' id='word_1_33' title='bbox 769 626 928 669; x_wconf 60' lang='lat' dir='ltr'>duffi‘ms</span> <span class='ocrx_word' id='word_1_34' title='bbox 957 627 1061 669; x_wconf 90' lang='lat' dir='ltr'>esset</span> 
     </span>
     <span class='ocr_line' id='line_1_9' title="bbox 257 686 1060 740; baseline -0.005 -10"><span class='ocrx_word' id='word_1_35' title='bbox 257 689 302 730; x_wconf 93' lang='lat' dir='ltr'>in</span> <span class='ocrx_word' id='word_1_36' title='bbox 324 688 629 740; x_wconf 82' lang='lat' dir='ltr'>Areopagum,</span> <span class='ocrx_word' id='word_1_37' title='bbox 648 691 696 727; x_wconf 90' lang='lat' dir='ltr'>vt</span> <span class='ocrx_word' id='word_1_38' title='bbox 718 686 935 726; x_wconf 89' lang='lat' dir='ltr'>rationem</span> <span class='ocrx_word' id='word_1_39' title='bbox 967 686 1060 726; x_wconf 86' lang='lat' dir='ltr'>eius</span> 
     </span>
     <span class='ocr_line' id='line_1_10' title="bbox 257 743 1062 797; baseline -0.006 -9"><span class='ocrx_word' id='word_1_40' title='bbox 257 744 471 788; x_wconf 71' lang='lat' dir='ltr'>do&amp;rinae</span> <span class='ocrx_word' id='word_1_41' title='bbox 501 744 715 793; x_wconf 90' lang='lat' dir='ltr'>redderet,</span> <span class='ocrx_word' id='word_1_42' title='bbox 738 757 872 797; x_wconf 89' lang='lat' dir='ltr'>quam</span> <span class='ocrx_word' id='word_1_43' title='bbox 902 743 1062 797; x_wconf 77' lang='lat' dir='ltr'>praedi-</span> 
     </span>
     <span class='ocr_line' id='line_1_11' title="bbox 257 801 1063 853; baseline -0.005 -8"><span class='ocrx_word' id='word_1_44' title='bbox 257 804 399 853; x_wconf 90' lang='lat' dir='ltr'>cabat,</span> <span class='ocrx_word' id='word_1_45' title='bbox 428 803 471 843; x_wconf 91' lang='lat' dir='ltr'>in</span> <span class='ocrx_word' id='word_1_46' title='bbox 502 801 650 843; x_wconf 91' lang='lat' dir='ltr'>medio</span> <span class='ocrx_word' id='word_1_47' title='bbox 682 801 856 842; x_wconf 89' lang='lat' dir='ltr'>senatus</span> <span class='ocrx_word' id='word_1_48' title='bbox 886 801 1063 842; x_wconf 86' lang='lat' dir='ltr'>mirabi-</span> 
     </span>
     <span class='ocr_line' id='line_1_12' title="bbox 258 859 1063 913; baseline -0.005 -10"><span class='ocrx_word' id='word_1_49' title='bbox 258 862 358 903; x_wconf 81' lang='lat' dir='ltr'>liter</span> <span class='ocrx_word' id='word_1_50' title='bbox 385 861 440 902; x_wconf 91' lang='lat' dir='ltr'>de</span> <span class='ocrx_word' id='word_1_51' title='bbox 462 873 565 901; x_wconf 88' lang='lat' dir='ltr'>vera</span> <span class='ocrx_word' id='word_1_52' title='bbox 592 860 758 913; x_wconf 89' lang='lat' dir='ltr'>pietate</span> <span class='ocrx_word' id='word_1_53' title='bbox 787 865 832 900; x_wconf 89' lang='lat' dir='ltr'>et</span> <span class='ocrx_word' id='word_1_54' title='bbox 853 859 1063 900; x_wconf 91' lang='lat' dir='ltr'>resurrec-</span> 
     </span>
     <span class='ocr_line' id='line_1_13' title="bbox 257 916 1064 961; baseline -0.005 0"><span class='ocrx_word' id='word_1_55' title='bbox 257 920 379 961; x_wconf 86' lang='lat' dir='ltr'>tione</span> <span class='ocrx_word' id='word_1_56' title='bbox 413 917 569 960; x_wconf 77' lang='lat' dir='ltr'>Christi</span> <span class='ocrx_word' id='word_1_57' title='bbox 598 931 649 958; x_wconf 88' lang='lat' dir='ltr'>ac</span> <span class='ocrx_word' id='word_1_58' title='bbox 679 922 950 958; x_wconf 87' lang='lat' dir='ltr'>mortuorum</span> <span class='ocrx_word' id='word_1_59' title='bbox 981 916 1064 958; x_wconf 89' lang='lat' dir='ltr'>dis-</span> 
     </span>
     <span class='ocr_line' id='line_1_14' title="bbox 258 974 1063 1029; baseline -0.004 -11"><span class='ocrx_word' id='word_1_60' title='bbox 258 978 401 1018; x_wconf 90' lang='lat' dir='ltr'>seruit.</span> <span class='ocrx_word' id='word_1_61' title='bbox 466 975 566 1029; x_wconf 78' lang='lat' dir='ltr'>Qua</span> <span class='ocrx_word' id='word_1_62' title='bbox 588 975 788 1016; x_wconf 88' lang='lat' dir='ltr'>oratione</span> <span class='ocrx_word' id='word_1_63' title='bbox 810 988 910 1016; x_wconf 89' lang='lat' dir='ltr'>cum</span> <span class='ocrx_word' id='word_1_64' title='bbox 941 974 1063 1025; x_wconf 88' lang='lat' dir='ltr'>alios,</span> 
     </span>
     <span class='ocr_line' id='line_1_15' title="bbox 259 1031 1065 1087; baseline -0.004 -11"><span class='ocrx_word' id='word_1_65' title='bbox 259 1041 354 1076; x_wconf 92' lang='lat' dir='ltr'>tum</span> <span class='ocrx_word' id='word_1_66' title='bbox 390 1035 433 1075; x_wconf 89' lang='lat' dir='ltr'>in</span> <span class='ocrx_word' id='word_1_67' title='bbox 467 1033 621 1087; x_wconf 88' lang='lat' dir='ltr'>primis</span> <span class='ocrx_word' id='word_1_68' title='bbox 659 1031 921 1086; x_wconf 77' lang='lat' dir='ltr'>Dionysium</span> <span class='ocrx_word' id='word_1_69' title='bbox 959 1047 1065 1073; x_wconf 88' lang='lat' dir='ltr'>con-</span> 
     </span>
     <span class='ocr_line' id='line_1_16' title="bbox 260 1090 1065 1145; baseline -0.004 -11"><span class='ocrx_word' id='word_1_70' title='bbox 260 1092 405 1134; x_wconf 91' lang='lat' dir='ltr'>uertit.</span> <span class='ocrx_word' id='word_1_71' title='bbox 432 1105 622 1145; x_wconf 90' lang='lat' dir='ltr'>eumque</span> <span class='ocrx_word' id='word_1_72' title='bbox 651 1090 875 1132; x_wconf 90' lang='lat' dir='ltr'>constituit</span> <span class='ocrx_word' id='word_1_73' title='bbox 901 1091 1065 1145; x_wconf 88' lang='lat' dir='ltr'>episco-</span> 
     </span>
     <span class='ocr_line' id='line_1_17' title="bbox 259 1148 1065 1206; baseline -0.004 -14"><span class='ocrx_word' id='word_1_74' title='bbox 259 1164 368 1206; x_wconf 90' lang='lat' dir='ltr'>pum</span> <span class='ocrx_word' id='word_1_75' title='bbox 407 1149 669 1191; x_wconf 80' lang='lat' dir='ltr'>athenienfis</span> <span class='ocrx_word' id='word_1_76' title='bbox 701 1148 901 1191; x_wconf 70' lang='lat' dir='ltr'>ecclesiae.</span> <span class='ocrx_word' id='word_1_77' title='bbox 965 1148 1065 1190; x_wconf 90' lang='lat' dir='ltr'>Post</span> 
     </span>
     <span class='ocr_line' id='line_1_18' title="bbox 261 1206 1064 1250; baseline -0.004 0"><span class='ocrx_word' id='word_1_78' title='bbox 261 1223 314 1250; x_wconf 90' lang='lat' dir='ltr'>ea</span> <span class='ocrx_word' id='word_1_79' title='bbox 354 1221 459 1250; x_wconf 92' lang='lat' dir='ltr'>vero</span> <span class='ocrx_word' id='word_1_80' title='bbox 501 1221 603 1248; x_wconf 91' lang='lat' dir='ltr'>cum</span> <span class='ocrx_word' id='word_1_81' title='bbox 647 1207 842 1248; x_wconf 74' lang='lat' dir='ltr'>Romam</span> <span class='ocrx_word' id='word_1_82' title='bbox 883 1206 1064 1248; x_wconf 90' lang='lat' dir='ltr'>venisset</span> 
     </span>
     <span class='ocr_line' id='line_1_19' title="bbox 262 1265 1066 1320; baseline -0.001 -13"><span class='ocrx_word' id='word_1_83' title='bbox 262 1265 499 1320; x_wconf 86' lang='lat' dir='ltr'>Dionyfius</span> <span class='ocrx_word' id='word_1_84' title='bbox 528 1271 575 1306; x_wconf 91' lang='lat' dir='ltr'>vt</span> <span class='ocrx_word' id='word_1_85' title='bbox 610 1266 789 1306; x_wconf 87' lang='lat' dir='ltr'>Petrum</span> <span class='ocrx_word' id='word_1_86' title='bbox 818 1265 989 1306; x_wconf 92' lang='lat' dir='ltr'>videret</span> <span class='ocrx_word' id='word_1_87' title='bbox 1021 1270 1066 1306; x_wconf 90' lang='lat' dir='ltr'>et</span> 
     </span>
     <span class='ocr_line' id='line_1_20' title="bbox 263 1322 1067 1377; baseline -0.004 -11"><span class='ocrx_word' id='word_1_88' title='bbox 263 1323 463 1373; x_wconf 90' lang='lat' dir='ltr'>Paulum,</span> <span class='ocrx_word' id='word_1_89' title='bbox 480 1337 590 1377; x_wconf 89' lang='lat' dir='ltr'>quos</span> <span class='ocrx_word' id='word_1_90' title='bbox 609 1323 808 1364; x_wconf 84' lang='lat' dir='ltr'>audierat</span> <span class='ocrx_word' id='word_1_91' title='bbox 830 1323 872 1363; x_wconf 92' lang='lat' dir='ltr'>in</span> <span class='ocrx_word' id='word_1_92' title='bbox 890 1322 1067 1364; x_wconf 87' lang='lat' dir='ltr'>vincula</span> 
     </span>
     <span class='ocr_line' id='line_1_21' title="bbox 263 1380 1067 1435; baseline -0.004 -11"><span class='ocrx_word' id='word_1_93' title='bbox 263 1380 488 1424; x_wconf 72' lang='lat' dir='ltr'>conie6³oes</span> <span class='ocrx_word' id='word_1_94' title='bbox 538 1381 634 1432; x_wconf 91' lang='lat' dir='ltr'>esse,</span> <span class='ocrx_word' id='word_1_95' title='bbox 685 1381 914 1434; x_wconf 90' lang='lat' dir='ltr'>aliquanto</span> <span class='ocrx_word' id='word_1_96' title='bbox 972 1380 1067 1435; x_wconf 89' lang='lat' dir='ltr'>post</span> 
     </span>
     <span class='ocr_line' id='line_1_22' title="bbox 261 1438 1068 1494; baseline -0.004 -12"><span class='ocrx_word' id='word_1_97' title='bbox 261 1446 463 1494; x_wconf 88' lang='lat' dir='ltr'>tempore</span> <span class='ocrx_word' id='word_1_98' title='bbox 496 1439 645 1480; x_wconf 89' lang='lat' dir='ltr'>missus</span> <span class='ocrx_word' id='word_1_99' title='bbox 679 1439 739 1480; x_wconf 90' lang='lat' dir='ltr'>est</span> <span class='ocrx_word' id='word_1_100' title='bbox 775 1452 802 1479; x_wconf 91' lang='lat' dir='ltr'>a</span> <span class='ocrx_word' id='word_1_101' title='bbox 837 1438 1068 1479; x_wconf 86' lang='lat' dir='ltr'>Clemente</span> 
     </span>
     <span class='ocr_line' id='line_1_23' title="bbox 263 1496 1068 1551; baseline -0.002 -12"><span class='ocrx_word' id='word_1_102' title='bbox 263 1499 308 1539; x_wconf 91' lang='lat' dir='ltr'>in</span> <span class='ocrx_word' id='word_1_103' title='bbox 370 1497 563 1539; x_wconf 87' lang='lat' dir='ltr'>Galliam</span> <span class='ocrx_word' id='word_1_104' title='bbox 620 1496 677 1538; x_wconf 92' lang='lat' dir='ltr'>ad</span> <span class='ocrx_word' id='word_1_105' title='bbox 734 1497 1068 1551; x_wconf 84' lang='lat' dir='ltr'>praedicandum</span> 
     </span>
     <span class='ocr_line' id='line_1_24' title="bbox 263 1554 1070 1609; baseline -0.002 -12"><span class='ocrx_word' id='word_1_106' title='bbox 263 1555 559 1609; x_wconf 88' lang='lat' dir='ltr'>euangelium,</span> <span class='ocrx_word' id='word_1_107' title='bbox 593 1567 726 1608; x_wconf 89' lang='lat' dir='ltr'>quem</span> <span class='ocrx_word' id='word_1_108' title='bbox 764 1554 934 1607; x_wconf 90' lang='lat' dir='ltr'>sequuti</span> <span class='ocrx_word' id='word_1_109' title='bbox 971 1554 1070 1595; x_wconf 89' lang='lat' dir='ltr'>sunt</span> 
     </span>
     <span class='ocr_line' id='line_1_25' title="bbox 265 1612 1069 1667; baseline -0.004 -12"><span class='ocrx_word' id='word_1_110' title='bbox 265 1613 469 1655; x_wconf 86' lang='lat' dir='ltr'>Rusticus</span> <span class='ocrx_word' id='word_1_111' title='bbox 484 1612 725 1667; x_wconf 89' lang='lat' dir='ltr'>presbyter,</span> <span class='ocrx_word' id='word_1_112' title='bbox 733 1612 1069 1653; x_wconf 87' lang='lat' dir='ltr'>etEleutherius</span> 
     </span>
     <span class='ocr_line' id='line_1_26' title="bbox 264 1670 1069 1724; baseline -0.004 -11"><span class='ocrx_word' id='word_1_113' title='bbox 264 1672 478 1713; x_wconf 87' lang='lat' dir='ltr'>diaconus</span> <span class='ocrx_word' id='word_1_114' title='bbox 501 1685 509 1711; x_wconf 90' lang='lat'>:</span> <span class='ocrx_word' id='word_1_115' title='bbox 530 1670 664 1724; x_wconf 87' lang='lat' dir='ltr'>Vsque</span> <span class='ocrx_word' id='word_1_116' title='bbox 692 1670 748 1711; x_wconf 91' lang='lat' dir='ltr'>ad</span> <span class='ocrx_word' id='word_1_117' title='bbox 771 1670 924 1711; x_wconf 91' lang='lat' dir='ltr'>vrbem</span> <span class='ocrx_word' id='word_1_118' title='bbox 952 1670 1069 1711; x_wconf 90' lang='lat' dir='ltr'>Pari-</span> 
     </span>
     <span class='ocr_line' id='line_1_27' title="bbox 263 1726 1069 1770; baseline -0.001 0"><span class='ocrx_word' id='word_1_119' title='bbox 263 1729 432 1770; x_wconf 81' lang='lat' dir='ltr'>florum.</span> <span class='ocrx_word' id='word_1_120' title='bbox 467 1728 553 1770; x_wconf 91' lang='lat' dir='ltr'>Vbi</span> <span class='ocrx_word' id='word_1_121' title='bbox 570 1742 670 1769; x_wconf 90' lang='lat' dir='ltr'>cum</span> <span class='ocrx_word' id='word_1_122' title='bbox 686 1726 849 1768; x_wconf 87' lang='lat' dir='ltr'>multos</span> <span class='ocrx_word' id='word_1_123' title='bbox 865 1728 920 1769; x_wconf 91' lang='lat' dir='ltr'>ad</span> <span class='ocrx_word' id='word_1_124' title='bbox 936 1727 1069 1769; x_wconf 89' lang='lat' dir='ltr'>fidem</span> 
     </span>
     <span class='ocr_line' id='line_1_28' title="bbox 266 1786 1072 1839; baseline -0.005 -9"><span class='ocrx_word' id='word_1_125' title='bbox 266 1787 424 1830; x_wconf 88' lang='lat' dir='ltr'>Christi</span> <span class='ocrx_word' id='word_1_126' title='bbox 462 1786 751 1835; x_wconf 89' lang='lat' dir='ltr'>conuertisset,</span> <span class='ocrx_word' id='word_1_127' title='bbox 788 1786 831 1826; x_wconf 92' lang='lat' dir='ltr'>in</span> <span class='ocrx_word' id='word_1_128' title='bbox 874 1786 1072 1839; x_wconf 88' lang='lat' dir='ltr'>persecu-</span> 
     </span>
     <span class='ocr_line' id='line_1_29' title="bbox 264 1843 1070 1897; baseline -0.002 -10"><span class='ocrx_word' id='word_1_129' title='bbox 264 1846 388 1887; x_wconf 86' lang='lat' dir='ltr'>tione</span> <span class='ocrx_word' id='word_1_130' title='bbox 413 1845 661 1885; x_wconf 87' lang='lat' dir='ltr'>Domitiani</span> <span class='ocrx_word' id='word_1_131' title='bbox 683 1843 801 1897; x_wconf 88' lang='lat' dir='ltr'>capti</span> <span class='ocrx_word' id='word_1_132' title='bbox 832 1844 1070 1897; x_wconf 85' lang='lat' dir='ltr'>Dionyfius</span> 
     </span>
     <span class='ocr_line' id='line_1_30' title="bbox 265 1899 1071 1955; baseline -0.002 -11"><span class='ocrx_word' id='word_1_133' title='bbox 265 1909 310 1944; x_wconf 90' lang='lat' dir='ltr'>et</span> <span class='ocrx_word' id='word_1_134' title='bbox 359 1902 458 1955; x_wconf 91' lang='lat' dir='ltr'>socij</span> <span class='ocrx_word' id='word_1_135' title='bbox 510 1916 536 1942; x_wconf 93' lang='lat' dir='ltr'>a</span> <span class='ocrx_word' id='word_1_136' title='bbox 580 1901 820 1942; x_wconf 85' lang='lat' dir='ltr'>Fescenino</span> <span class='ocrx_word' id='word_1_137' title='bbox 861 1899 1071 1955; x_wconf 68' lang='lat' dir='ltr'>praefe&amp;o</span> 
     </span>
     <span class='ocr_line' id='line_1_31' title="bbox 265 1959 1073 2013; baseline -0.001 -11"><span class='ocrx_word' id='word_1_138' title='bbox 265 1961 552 2003; x_wconf 90' lang='lat' dir='ltr'>vehementer</span> <span class='ocrx_word' id='word_1_139' title='bbox 580 1959 682 2000; x_wconf 91' lang='lat' dir='ltr'>loris</span> <span class='ocrx_word' id='word_1_140' title='bbox 716 1959 929 2013; x_wconf 89' lang='lat' dir='ltr'>flagellati</span> <span class='ocrx_word' id='word_1_141' title='bbox 964 1960 1073 2010; x_wconf 88' lang='lat' dir='ltr'>sunt,</span> 
     </span>
     <span class='ocr_line' id='line_1_32' title="bbox 269 2017 1073 2071; baseline -0.002 -11"><span class='ocrx_word' id='word_1_142' title='bbox 269 2019 359 2061; x_wconf 86' lang='lat' dir='ltr'>Sed</span> <span class='ocrx_word' id='word_1_143' title='bbox 390 2031 489 2059; x_wconf 90' lang='lat' dir='ltr'>cum</span> <span class='ocrx_word' id='word_1_144' title='bbox 521 2031 608 2058; x_wconf 91' lang='lat' dir='ltr'>non</span> <span class='ocrx_word' id='word_1_145' title='bbox 638 2017 809 2071; x_wconf 87' lang='lat' dir='ltr'>possent</span> <span class='ocrx_word' id='word_1_146' title='bbox 842 2018 1017 2059; x_wconf 91' lang='lat' dir='ltr'>auocari</span> <span class='ocrx_word' id='word_1_147' title='bbox 1046 2032 1073 2059; x_wconf 92' lang='lat' dir='ltr'>a</span> 
     </span>
     <span class='ocr_line' id='line_1_33' title="bbox 267 2074 1072 2129; baseline -0.001 -12"><span class='ocrx_word' id='word_1_148' title='bbox 267 2076 501 2118; x_wconf 88' lang='lat' dir='ltr'>christiana</span> <span class='ocrx_word' id='word_1_149' title='bbox 527 2076 705 2129; x_wconf 89' lang='lat' dir='ltr'>pietate,</span> <span class='ocrx_word' id='word_1_150' title='bbox 727 2074 934 2129; x_wconf 89' lang='lat' dir='ltr'>postridie</span> <span class='ocrx_word' id='word_1_151' title='bbox 964 2076 1072 2116; x_wconf 91' lang='lat' dir='ltr'>Dio-</span> 
     </span>
     <span class='ocr_line' id='line_1_34' title="bbox 268 2132 1073 2188; baseline -0.002 -12"><span class='ocrx_word' id='word_1_152' title='bbox 268 2134 412 2188; x_wconf 83' lang='lat' dir='ltr'>nyslus</span> <span class='ocrx_word' id='word_1_153' title='bbox 455 2134 498 2174; x_wconf 91' lang='lat' dir='ltr'>in</span> <span class='ocrx_word' id='word_1_154' title='bbox 540 2132 750 2174; x_wconf 86' lang='lat' dir='ltr'>craticula</span> <span class='ocrx_word' id='word_1_155' title='bbox 786 2132 931 2185; x_wconf 55' lang='lat' dir='ltr'>⁴ferrea</span> <span class='ocrx_word' id='word_1_156' title='bbox 970 2134 1073 2187; x_wconf 89' lang='lat' dir='ltr'>igne</span> 
     </span>
     <span class='ocr_line' id='line_1_35' title="bbox 268 2191 1074 2246; baseline -0.001 -13"><span class='ocrx_word' id='word_1_157' title='bbox 268 2191 489 2246; x_wconf 75' lang='lat' dir='ltr'>supposito</span> <span class='ocrx_word' id='word_1_158' title='bbox 535 2191 787 2245; x_wconf 87' lang='lat' dir='ltr'>imponitur,</span> <span class='ocrx_word' id='word_1_159' title='bbox 829 2197 873 2232; x_wconf 91' lang='lat' dir='ltr'>et</span> <span class='ocrx_word' id='word_1_160' title='bbox 922 2192 1074 2233; x_wconf 86' lang='lat' dir='ltr'>multis</span> 
     </span>
     <span class='ocr_line' id='line_1_36' title="bbox 269 2248 1073 2303; baseline -0.001 -12"><span class='ocrx_word' id='word_1_161' title='bbox 269 2251 431 2291; x_wconf 89' lang='lat' dir='ltr'>deinde</span> <span class='ocrx_word' id='word_1_162' title='bbox 454 2248 677 2303; x_wconf 89' lang='lat' dir='ltr'>supplicijs</span> <span class='ocrx_word' id='word_1_163' title='bbox 703 2248 901 2291; x_wconf 77' lang='lat' dir='ltr'>afficitur,</span> <span class='ocrx_word' id='word_1_164' title='bbox 965 2249 1073 2303; x_wconf 77' lang='lat' dir='ltr'>Qui-</span> 
     </span>
     <span class='ocr_line' id='line_1_37' title="bbox 269 2307 1074 2361; baseline -0.001 -12"><span class='ocrx_word' id='word_1_165' title='bbox 269 2309 352 2349; x_wconf 86' lang='lat' dir='ltr'>bus</span> <span class='ocrx_word' id='word_1_166' title='bbox 404 2307 615 2361; x_wconf 90' lang='lat' dir='ltr'>superatis</span> <span class='ocrx_word' id='word_1_167' title='bbox 666 2307 784 2347; x_wconf 90' lang='lat' dir='ltr'>idem</span> <span class='ocrx_word' id='word_1_168' title='bbox 836 2307 1074 2361; x_wconf 83' lang='lat' dir='ltr'>Dionyfius</span> 
     </span>
     <span class='ocr_line' id='line_1_38' title="bbox 270 2364 1073 2419; baseline -0.001 -12"><span class='ocrx_word' id='word_1_169' title='bbox 270 2366 554 2419; x_wconf 76' lang='lat' dir='ltr'>nonagesimo</span> <span class='ocrx_word' id='word_1_170' title='bbox 571 2365 716 2406; x_wconf 83' lang='lat' dir='ltr'>aetatis</span> <span class='ocrx_word' id='word_1_171' title='bbox 734 2364 819 2405; x_wconf 81' lang='lat' dir='ltr'>suae</span> <span class='ocrx_word' id='word_1_172' title='bbox 837 2379 955 2406; x_wconf 87' lang='lat' dir='ltr'>anno</span> <span class='ocrx_word' id='word_1_173' title='bbox 972 2379 1073 2406; x_wconf 91' lang='lat' dir='ltr'>curn</span> 
     </span>
     <span class='ocr_line' id='line_1_39' title="bbox 270 2423 1074 2477; baseline 0 -13"><span class='ocrx_word' id='word_1_174' title='bbox 270 2424 395 2477; x_wconf 87' lang='lat' dir='ltr'>socijs</span> <span class='ocrx_word' id='word_1_175' title='bbox 437 2423 632 2477; x_wconf 77' lang='lat' dir='ltr'>similiter</span> <span class='ocrx_word' id='word_1_176' title='bbox 678 2423 881 2463; x_wconf 88' lang='lat' dir='ltr'>cruciatis</span> <span class='ocrx_word' id='word_1_177' title='bbox 930 2423 1074 2477; x_wconf 88' lang='lat' dir='ltr'>capite</span> 
     </span>
     <span class='ocr_line' id='line_1_40' title="bbox 269 2478 1073 2534; baseline 0 -12"><span class='ocrx_word' id='word_1_178' title='bbox 269 2487 498 2523; x_wconf 90' lang='lat' dir='ltr'>truncatur</span> <span class='ocrx_word' id='word_1_179' title='bbox 518 2480 704 2534; x_wconf 90' lang='lat' dir='ltr'>septimo</span> <span class='ocrx_word' id='word_1_180' title='bbox 727 2480 825 2521; x_wconf 89' lang='lat' dir='ltr'>idus</span> <span class='ocrx_word' id='word_1_181' title='bbox 856 2478 1073 2522; x_wconf 58' lang='lat' dir='ltr'>Offiobris.</span> 
     </span>
     <span class='ocr_line' id='line_1_41' title="bbox 272 2538 1076 2592; baseline 0 -13"><span class='ocrx_word' id='word_1_182' title='bbox 272 2539 361 2592; x_wconf 76' lang='lat' dir='ltr'>Qui</span> <span class='ocrx_word' id='word_1_183' title='bbox 387 2538 621 2591; x_wconf 75' lang='lat' dir='ltr'>Dionysius</span> <span class='ocrx_word' id='word_1_184' title='bbox 654 2538 776 2578; x_wconf 91' lang='lat' dir='ltr'>suum</span> <span class='ocrx_word' id='word_1_185' title='bbox 811 2545 946 2592; x_wconf 91' lang='lat' dir='ltr'>caput</span> <span class='ocrx_word' id='word_1_186' title='bbox 980 2539 1076 2579; x_wconf 89' lang='lat' dir='ltr'>sub-</span> 
     </span>
     <span class='ocr_line' id='line_1_42' title="bbox 272 2595 1074 2649; baseline -0.001 -12"><span class='ocrx_word' id='word_1_187' title='bbox 272 2595 461 2645; x_wconf 88' lang='lat' dir='ltr'>stulisse¹‚</span> <span class='ocrx_word' id='word_1_188' title='bbox 484 2603 528 2637; x_wconf 92' lang='lat' dir='ltr'>et</span> <span class='ocrx_word' id='word_1_189' title='bbox 551 2596 756 2636; x_wconf 90' lang='lat' dir='ltr'>manibus</span> <span class='ocrx_word' id='word_1_190' title='bbox 785 2609 864 2649; x_wconf 91' lang='lat' dir='ltr'>per</span> <span class='ocrx_word' id='word_1_191' title='bbox 893 2595 1074 2649; x_wconf 88' lang='lat' dir='ltr'>longum</span> 
     </span>
     <span class='ocr_line' id='line_1_43' title="bbox 272 2653 1077 2708; baseline 0 -13"><span class='ocrx_word' id='word_1_192' title='bbox 272 2654 463 2708; x_wconf 83' lang='lat' dir='ltr'>spacium</span> <span class='ocrx_word' id='word_1_193' title='bbox 477 2653 665 2707; x_wconf 90' lang='lat' dir='ltr'>portasse</span> <span class='ocrx_word' id='word_1_194' title='bbox 675 2654 874 2695; x_wconf 68' lang='lat' dir='ltr'>traditur.</span> <span class='ocrx_word' id='word_1_195' title='bbox 898 2653 1077 2707; x_wconf 73' lang='lat' dir='ltr'>Scripsit</span> 
     </span>
     <span class='ocr_line' id='line_1_44' title="bbox 273 2710 1078 2764; baseline -0.001 -11"><span class='ocrx_word' id='word_1_196' title='bbox 273 2717 423 2753; x_wconf 88' lang='lat' dir='ltr'>autem</span> <span class='ocrx_word' id='word_1_197' title='bbox 447 2711 635 2752; x_wconf 91' lang='lat' dir='ltr'>mirabili</span> <span class='ocrx_word' id='word_1_198' title='bbox 659 2711 852 2764; x_wconf 91' lang='lat' dir='ltr'>quadam</span> <span class='ocrx_word' id='word_1_199' title='bbox 876 2710 1078 2753; x_wconf 69' lang='lat' dir='ltr'>do&amp;rina</span> 
     </span>
     <span class='ocr_line' id='line_1_45' title="bbox 272 2769 1078 2819; baseline 0.001 -9"><span class='ocrx_word' id='word_1_200' title='bbox 272 2769 432 2810; x_wconf 86' lang='lat' dir='ltr'>librum</span> <span class='ocrx_word' id='word_1_201' title='bbox 466 2770 523 2810; x_wconf 93' lang='lat' dir='ltr'>de</span> <span class='ocrx_word' id='word_1_202' title='bbox 556 2769 720 2810; x_wconf 87' lang='lat' dir='ltr'>coelesti</span> <span class='ocrx_word' id='word_1_203' title='bbox 749 2769 1006 2819; x_wconf 87' lang='lat' dir='ltr'>hierarchia,</span> <span class='ocrx_word' id='word_1_204' title='bbox 1035 2776 1078 2811; x_wconf 88' lang='lat' dir='ltr'>et</span> 
     </span>
     <span class='ocr_line' id='line_1_46' title="bbox 273 2826 1079 2870; baseline 0.001 -2"><span class='ocrx_word' id='word_1_205' title='bbox 273 2827 462 2869; x_wconf 89' lang='lat' dir='ltr'>alterum</span> <span class='ocrx_word' id='word_1_206' title='bbox 504 2827 560 2867; x_wconf 92' lang='lat' dir='ltr'>de</span> <span class='ocrx_word' id='word_1_207' title='bbox 601 2826 764 2868; x_wconf 91' lang='lat' dir='ltr'>diuinis</span> <span class='ocrx_word' id='word_1_208' title='bbox 813 2828 1079 2870; x_wconf 82' lang='lat' dir='ltr'>nominibus,</span> 
     </span>
    </p>
   </div>
   <div class='ocr_carea' id='block_1_3' title="bbox 341 2961 776 3044">
    <p class='ocr_par' dir='ltr' id='par_1_3' title="bbox 341 2961 776 3044">
     <span class='ocr_line' id='line_1_47' title="bbox 342 2961 651 2996; baseline -0.003 0"><span class='ocrx_word' id='word_1_209' title='bbox 342 2962 354 2984; x_wconf 86' lang='lat'>1</span> <span class='ocrx_word' id='word_1_210' title='bbox 380 2961 578 2996; x_wconf 84' lang='lat' dir='ltr'>sustulisse:</span> <span class='ocrx_word' id='word_1_211' title='bbox 606 2961 651 2996; x_wconf 90' lang='lat' dir='ltr'>A.</span> 
     </span>
     <span class='ocr_line' id='line_1_48' title="bbox 341 3008 776 3044; baseline -0.005 0"><span class='ocrx_word' id='word_1_212' title='bbox 341 3008 355 3030; x_wconf 79' lang='lat'>²</span> <span class='ocrx_word' id='word_1_213' title='bbox 382 3009 550 3044; x_wconf 85' lang='lat' dir='ltr'>Callistus</span> <span class='ocrx_word' id='word_1_214' title='bbox 574 3020 581 3043; x_wconf 72' lang='grc' dir='ltr'><strong>ε</strong></span> <span class='ocrx_word' id='word_1_215' title='bbox 610 3009 652 3043; x_wconf 87' lang='lat' dir='ltr'>R.</span> <span class='ocrx_word' id='word_1_216' title='bbox 674 3009 713 3042; x_wconf 93' lang='lat' dir='ltr'>P.</span> <span class='ocrx_word' id='word_1_217' title='bbox 733 3009 776 3042; x_wconf 87' lang='lat' dir='ltr'>A.</span> 
     </span>
    </p>
   </div>
   <div class='ocr_carea' id='block_1_4' title="bbox 965 204 1205 239">
    <p class='ocr_par' dir='ltr' id='par_1_4' title="bbox 965 204 1205 239">
     <span class='ocr_line' id='line_1_49' title="bbox 965 204 1205 239; baseline 0.009 -3"><span class='ocrx_word' id='word_1_218' title='bbox 965 204 1205 239; x_wconf 85' lang='lat' dir='ltr'><em>OCTOBER.</em></span> 
     </span>
    </p>
   </div>
   <div class='ocr_carea' id='block_1_5' title="bbox 1127 281 1932 383">
    <p class='ocr_par' dir='ltr' id='par_1_5' title="bbox 1127 281 1932 382">
     <span class='ocr_line' id='line_1_50' title="bbox 1128 281 1932 339; baseline 0.004 -15"><span class='ocrx_word' id='word_1_219' title='bbox 1128 283 1244 324; x_wconf 85' lang='lat' dir='ltr'>Item</span> <span class='ocrx_word' id='word_1_220' title='bbox 1286 283 1343 324; x_wconf 91' lang='lat' dir='ltr'>de</span> <span class='ocrx_word' id='word_1_221' title='bbox 1384 282 1567 336; x_wconf 89' lang='lat' dir='ltr'>mystica</span> <span class='ocrx_word' id='word_1_222' title='bbox 1606 281 1844 339; x_wconf 85' lang='lat' dir='ltr'>theologia,</span> <span class='ocrx_word' id='word_1_223' title='bbox 1886 289 1932 327; x_wconf 84' lang='lat' dir='ltr'>et</span> 
     </span>
     <span class='ocr_line' id='line_1_51' title="bbox 1127 340 1474 383; baseline 0 -1"><span class='ocrx_word' id='word_1_224' title='bbox 1127 340 1214 382; x_wconf 87' lang='lat' dir='ltr'>alia</span> <span class='ocrx_word' id='word_1_225' title='bbox 1246 341 1474 383; x_wconf 90' lang='lat' dir='ltr'>nonnulla.</span> 
     </span>
    </p>
   </div>
   <div class='ocr_carea' id='block_1_6' title="bbox 1453 462 1618 504">
    <p class='ocr_par' dir='ltr' id='par_1_6' title="bbox 1453 462 1618 504">
     <span class='ocr_line' id='line_1_52' title="bbox 1453 462 1618 504; baseline 0 0"><span class='ocrx_word' id='word_1_226' title='bbox 1453 462 1618 504; x_wconf 80' lang='lat' dir='ltr'>Oratio.</span> 
     </span>
    </p>
   </div>
   <div class='ocr_carea' id='block_1_7' title="bbox 1129 546 1938 1064">
    <p class='ocr_par' dir='ltr' id='par_1_7' title="bbox 1136 546 1934 630">
     <span class='ocr_line' id='line_1_53' title="bbox 1136 546 1934 630; baseline 0.005 -44"><span class='ocrx_word' id='word_1_227' title='bbox 1136 546 1329 630; x_wconf 85' lang='lat' dir='ltr'>DEus,</span> <span class='ocrx_word' id='word_1_228' title='bbox 1342 547 1418 600; x_wconf 89' lang='lat' dir='ltr'>qui</span> <span class='ocrx_word' id='word_1_229' title='bbox 1436 547 1651 589; x_wconf 90' lang='lat' dir='ltr'>hodierna</span> <span class='ocrx_word' id='word_1_230' title='bbox 1667 547 1739 589; x_wconf 91' lang='lat' dir='ltr'>die</span> <span class='ocrx_word' id='word_1_231' title='bbox 1752 547 1934 590; x_wconf 88' lang='lat' dir='ltr'>beatum</span> 
     </span>
    </p>

    <p class='ocr_par' dir='ltr' id='par_1_8' title="bbox 1129 604 1938 1064">
     <span class='ocr_line' id='line_1_54' title="bbox 1244 604 1935 659; baseline 0.006 -15"><span class='ocrx_word' id='word_1_232' title='bbox 1244 604 1506 657; x_wconf 87' lang='lat' dir='ltr'>Dionyfium</span> <span class='ocrx_word' id='word_1_233' title='bbox 1536 612 1779 659; x_wconf 89' lang='lat' dir='ltr'>martyrem</span> <span class='ocrx_word' id='word_1_234' title='bbox 1808 612 1935 648; x_wconf 88' lang='lat' dir='ltr'>tuum</span> 
     </span>
     <span class='ocr_line' id='line_1_55' title="bbox 1129 662 1936 718; baseline 0.002 -15"><span class='ocrx_word' id='word_1_235' title='bbox 1129 662 1292 703; x_wconf 90' lang='lat' dir='ltr'>virtute</span> <span class='ocrx_word' id='word_1_236' title='bbox 1314 662 1569 704; x_wconf 68' lang='lat' dir='ltr'>constantiae</span> <span class='ocrx_word' id='word_1_237' title='bbox 1593 664 1635 704; x_wconf 90' lang='lat' dir='ltr'>in</span> <span class='ocrx_word' id='word_1_238' title='bbox 1658 664 1849 718; x_wconf 78' lang='lat' dir='ltr'>passione</span> <span class='ocrx_word' id='word_1_239' title='bbox 1868 677 1936 704; x_wconf 89' lang='lat' dir='ltr'>ro·</span> 
     </span>
     <span class='ocr_line' id='line_1_56' title="bbox 1129 720 1936 775; baseline 0.002 -15"><span class='ocrx_word' id='word_1_240' title='bbox 1129 720 1289 761; x_wconf 90' lang='lat' dir='ltr'>borasti</span> <span class='ocrx_word' id='word_1_241' title='bbox 1327 735 1336 761; x_wconf 72' lang='grc' dir='ltr'><strong>ι</strong></span> <span class='ocrx_word' id='word_1_242' title='bbox 1373 721 1537 774; x_wconf 90' lang='lat' dir='ltr'>quique</span> <span class='ocrx_word' id='word_1_243' title='bbox 1577 721 1638 762; x_wconf 92' lang='lat' dir='ltr'>illi</span> <span class='ocrx_word' id='word_1_244' title='bbox 1683 721 1740 762; x_wconf 87' lang='lat' dir='ltr'>ad</span> <span class='ocrx_word' id='word_1_245' title='bbox 1776 721 1936 775; x_wconf 76' lang='lat' dir='ltr'>praedi-</span> 
     </span>
     <span class='ocr_line' id='line_1_57' title="bbox 1131 778 1934 833; baseline 0.002 -15"><span class='ocrx_word' id='word_1_246' title='bbox 1131 778 1323 819; x_wconf 90' lang='lat' dir='ltr'>candum</span> <span class='ocrx_word' id='word_1_247' title='bbox 1355 779 1561 832; x_wconf 88' lang='lat' dir='ltr'>gentibus</span> <span class='ocrx_word' id='word_1_248' title='bbox 1592 779 1780 833; x_wconf 85' lang='lat' dir='ltr'>gloriam</span> <span class='ocrx_word' id='word_1_249' title='bbox 1811 785 1934 820; x_wconf 89' lang='lat' dir='ltr'>tuam</span> 
     </span>
     <span class='ocr_line' id='line_1_58' title="bbox 1133 835 1936 878; baseline 0.002 -2"><span class='ocrx_word' id='word_1_250' title='bbox 1133 835 1361 877; x_wconf 90' lang='lat' dir='ltr'>Rusticum</span> <span class='ocrx_word' id='word_1_251' title='bbox 1385 842 1429 877; x_wconf 94' lang='lat' dir='ltr'>et</span> <span class='ocrx_word' id='word_1_252' title='bbox 1447 835 1753 878; x_wconf 89' lang='lat' dir='ltr'>Eleutherium</span> <span class='ocrx_word' id='word_1_253' title='bbox 1775 837 1936 878; x_wconf 89' lang='lat' dir='ltr'>sociare</span> 
     </span>
     <span class='ocr_line' id='line_1_59' title="bbox 1131 894 1935 949; baseline 0.001 -14"><span class='ocrx_word' id='word_1_254' title='bbox 1131 894 1341 946; x_wconf 90' lang='lat' dir='ltr'>dignatus</span> <span class='ocrx_word' id='word_1_255' title='bbox 1363 907 1421 943; x_wconf 89' lang='lat' dir='ltr'>es,</span> <span class='ocrx_word' id='word_1_256' title='bbox 1443 895 1588 936; x_wconf 88' lang='lat' dir='ltr'>tribue</span> <span class='ocrx_word' id='word_1_257' title='bbox 1609 895 1738 936; x_wconf 89' lang='lat' dir='ltr'>nobis</span> <span class='ocrx_word' id='word_1_258' title='bbox 1766 894 1935 949; x_wconf 84' lang='lat' dir='ltr'>quaesu-</span> 
     </span>
     <span class='ocr_line' id='line_1_60' title="bbox 1132 953 1936 1007; baseline 0.002 -15"><span class='ocrx_word' id='word_1_259' title='bbox 1132 965 1230 992; x_wconf 87' lang='lat' dir='ltr'>mus</span> <span class='ocrx_word' id='word_1_260' title='bbox 1269 966 1328 992; x_wconf 91' lang='lat' dir='ltr'>ex</span> <span class='ocrx_word' id='word_1_261' title='bbox 1370 966 1522 993; x_wconf 91' lang='lat' dir='ltr'>eorum</span> <span class='ocrx_word' id='word_1_262' title='bbox 1566 953 1815 994; x_wconf 89' lang='lat' dir='ltr'>imitatione</span> <span class='ocrx_word' id='word_1_263' title='bbox 1856 966 1936 1007; x_wconf 90' lang='lat' dir='ltr'>pro</span> 
     </span>
     <span class='ocr_line' id='line_1_61' title="bbox 1132 1010 1938 1064; baseline 0.002 -14"><span class='ocrx_word' id='word_1_264' title='bbox 1132 1023 1282 1050; x_wconf 88' lang='lat' dir='ltr'>amore</span> <span class='ocrx_word' id='word_1_265' title='bbox 1304 1015 1381 1050; x_wconf 94' lang='lat' dir='ltr'>tuo</span> <span class='ocrx_word' id='word_1_266' title='bbox 1399 1010 1603 1064; x_wconf 88' lang='lat' dir='ltr'>prospera</span> <span class='ocrx_word' id='word_1_267' title='bbox 1621 1010 1774 1051; x_wconf 89' lang='lat' dir='ltr'>mundi</span> <span class='ocrx_word' id='word_1_268' title='bbox 1796 1010 1938 1064; x_wconf 89' lang='lat' dir='ltr'>despi—</span> 
     </span>
    </p>
   </div>
   <div class='ocr_carea' id='block_1_8' title="bbox 1132 1067 1935 1179">
    <p class='ocr_par' dir='ltr' id='par_1_9' title="bbox 1132 1067 1935 1179">
     <span class='ocr_line' id='line_1_62' title="bbox 1132 1067 1935 1110; baseline 0.002 -2"><span class='ocrx_word' id='word_1_269' title='bbox 1132 1081 1229 1108; x_wconf 88' lang='lat' dir='ltr'>cere</span> <span class='ocrx_word' id='word_1_270' title='bbox 1262 1081 1270 1108; x_wconf 76' lang='grc' dir='ltr'><strong><em>ε</em></strong></span> <span class='ocrx_word' id='word_1_271' title='bbox 1299 1073 1342 1108; x_wconf 91' lang='lat' dir='ltr'>et</span> <span class='ocrx_word' id='word_1_272' title='bbox 1372 1067 1492 1109; x_wconf 86' lang='lat' dir='ltr'>nulla</span> <span class='ocrx_word' id='word_1_273' title='bbox 1521 1068 1614 1110; x_wconf 90' lang='lat' dir='ltr'>eius</span> <span class='ocrx_word' id='word_1_274' title='bbox 1643 1068 1825 1110; x_wconf 90' lang='lat' dir='ltr'>aduersa</span> <span class='ocrx_word' id='word_1_275' title='bbox 1850 1068 1935 1110; x_wconf 82' lang='lat' dir='ltr'>for-</span> 
     </span>
     <span class='ocr_line' id='line_1_63' title="bbox 1134 1126 1453 1179; baseline 0.003 -13"><span class='ocrx_word' id='word_1_276' title='bbox 1134 1126 1302 1167; x_wconf 79' lang='lat' dir='ltr'>midare</span> <span class='ocrx_word' id='word_1_277' title='bbox 1330 1141 1338 1167; x_wconf 90' lang='lat'>:</span> <span class='ocrx_word' id='word_1_278' title='bbox 1363 1139 1453 1179; x_wconf 87' lang='lat' dir='ltr'>per.</span> 
     </span>
    </p>
   </div>
   <div class='ocr_carea' id='block_1_9' title="bbox 1134 1247 1940 1350">
    <p class='ocr_par' dir='ltr' id='par_1_10' title="bbox 1134 1247 1940 1350">
     <span class='ocr_line' id='line_1_64' title="bbox 1134 1247 1940 1327; baseline 0.001 -35"><span class='ocrx_word' id='word_1_279' title='bbox 1134 1253 1179 1299; x_wconf 69' lang='lat'>{1</span> <span class='ocrx_word' id='word_1_280' title='bbox 1204 1247 1420 1292; x_wconf 79' lang='lat' dir='ltr'>Calixtus²</span> <span class='ocrx_word' id='word_1_281' title='bbox 1430 1257 1750 1327; x_wconf 55' lang='lat' dir='ltr'>papayrgarzjyr.</span> <span class='ocrx_word' id='word_1_282' title='bbox 1793 1250 1940 1293; x_wconf 59' lang='lat' dir='ltr'>Lemo</span> 
     </span>
     <span class='ocr_line' id='line_1_65' title="bbox 1458 1314 1619 1350; baseline 0 -1"><span class='ocrx_word' id='word_1_283' title='bbox 1458 1314 1589 1350; x_wconf 76' lang='lat' dir='ltr'>tertza</span> <span class='ocrx_word' id='word_1_284' title='bbox 1611 1341 1619 1349; x_wconf 91' lang='lat'><strong><em>.</em></strong></span> 
     </span>
    </p>
   </div>
   <div class='ocr_carea' id='block_1_10' title="bbox 1136 1379 1948 2882">
    <p class='ocr_par' dir='ltr' id='par_1_11' title="bbox 1136 1379 1948 2882">
     <span class='ocr_line' id='line_1_66' title="bbox 1139 1379 1941 1467; baseline 0.001 -44"><span class='ocrx_word' id='word_1_285' title='bbox 1139 1379 1425 1467; x_wconf 77' lang='lat' dir='ltr'>CAlixtus⁴</span> <span class='ocrx_word' id='word_1_286' title='bbox 1457 1382 1663 1436; x_wconf 83' lang='lat' dir='ltr'>pontifex</span> <span class='ocrx_word' id='word_1_287' title='bbox 1696 1382 1840 1437; x_wconf 85' lang='lat' dir='ltr'>patria</span> <span class='ocrx_word' id='word_1_288' title='bbox 1872 1396 1941 1424; x_wconf 89' lang='lat' dir='ltr'>ro-</span> 
     </span>
     <span class='ocr_line' id='line_1_67' title="bbox 1244 1440 1939 1494; baseline 0.001 -13"><span class='ocrx_word' id='word_1_289' title='bbox 1244 1454 1402 1481; x_wconf 89' lang='lat' dir='ltr'>manus</span> <span class='ocrx_word' id='word_1_290' title='bbox 1418 1441 1551 1494; x_wconf 89' lang='lat' dir='ltr'>vsque</span> <span class='ocrx_word' id='word_1_291' title='bbox 1573 1441 1629 1482; x_wconf 94' lang='lat' dir='ltr'>ad</span> <span class='ocrx_word' id='word_1_292' title='bbox 1654 1440 1806 1482; x_wconf 87' lang='lat' dir='ltr'>Seueri</span> <span class='ocrx_word' id='word_1_293' title='bbox 1827 1446 1939 1482; x_wconf 90' lang='lat' dir='ltr'>tem-</span> 
     </span>
     <span class='ocr_line' id='line_1_68' title="bbox 1136 1499 1939 1552; baseline 0 -13"><span class='ocrx_word' id='word_1_294' title='bbox 1136 1512 1245 1552; x_wconf 92' lang='lat' dir='ltr'>pora</span> <span class='ocrx_word' id='word_1_295' title='bbox 1285 1499 1496 1552; x_wconf 88' lang='lat' dir='ltr'>peruenit.</span> <span class='ocrx_word' id='word_1_296' title='bbox 1580 1499 1669 1539; x_wconf 92' lang='lat' dir='ltr'>Hic</span> <span class='ocrx_word' id='word_1_297' title='bbox 1716 1499 1939 1547; x_wconf 90' lang='lat' dir='ltr'>ieiunium,</span> 
     </span>
     <span class='ocr_line' id='line_1_69' title="bbox 1137 1556 1942 1610; baseline 0.001 -13"><span class='ocrx_word' id='word_1_298' title='bbox 1137 1556 1257 1610; x_wconf 93' lang='lat' dir='ltr'>quod</span> <span class='ocrx_word' id='word_1_299' title='bbox 1292 1562 1359 1597; x_wconf 90' lang='lat' dir='ltr'>ter</span> <span class='ocrx_word' id='word_1_300' title='bbox 1391 1557 1435 1597; x_wconf 91' lang='lat' dir='ltr'>in</span> <span class='ocrx_word' id='word_1_301' title='bbox 1469 1570 1588 1598; x_wconf 90' lang='lat' dir='ltr'>anno</span> <span class='ocrx_word' id='word_1_302' title='bbox 1624 1556 1942 1607; x_wconf 86' lang='lat' dir='ltr'>celebrabatur,</span> 
     </span>
     <span class='ocr_line' id='line_1_70' title="bbox 1138 1614 1941 1668; baseline 0.002 -14"><span class='ocrx_word' id='word_1_303' title='bbox 1138 1627 1216 1668; x_wconf 90' lang='lat' dir='ltr'>per</span> <span class='ocrx_word' id='word_1_304' title='bbox 1243 1619 1455 1667; x_wconf 90' lang='lat' dir='ltr'>quattuor</span> <span class='ocrx_word' id='word_1_305' title='bbox 1475 1620 1678 1668; x_wconf 86' lang='lat' dir='ltr'>tempora</span> <span class='ocrx_word' id='word_1_306' title='bbox 1702 1628 1711 1656; x_wconf 93' lang='lat'><strong>:</strong></span> <span class='ocrx_word' id='word_1_307' title='bbox 1733 1621 1781 1656; x_wconf 93' lang='lat' dir='ltr'>vt</span> <span class='ocrx_word' id='word_1_308' title='bbox 1806 1614 1941 1664; x_wconf 89' lang='lat' dir='ltr'>fieret,</span> 
     </span>
     <span class='ocr_line' id='line_1_71' title="bbox 1139 1672 1942 1726; baseline 0.001 -13"><span class='ocrx_word' id='word_1_309' title='bbox 1139 1672 1346 1714; x_wconf 89' lang='lat' dir='ltr'>decreuit.</span> <span class='ocrx_word' id='word_1_310' title='bbox 1411 1672 1475 1713; x_wconf 91' lang='lat' dir='ltr'>Vt</span> <span class='ocrx_word' id='word_1_311' title='bbox 1515 1672 1620 1713; x_wconf 85' lang='lat' dir='ltr'>ficut</span> <span class='ocrx_word' id='word_1_312' title='bbox 1662 1685 1803 1713; x_wconf 88' lang='lat' dir='ltr'>annus</span> <span class='ocrx_word' id='word_1_313' title='bbox 1844 1686 1942 1726; x_wconf 93' lang='lat' dir='ltr'>per-</span> 
     </span>
     <span class='ocr_line' id='line_1_72' title="bbox 1139 1730 1942 1784; baseline 0.002 -14"><span class='ocrx_word' id='word_1_314' title='bbox 1139 1735 1350 1783; x_wconf 88' lang='lat' dir='ltr'>quattuor</span> <span class='ocrx_word' id='word_1_315' title='bbox 1392 1730 1586 1771; x_wconf 85' lang='lat' dir='ltr'>voluitur</span> <span class='ocrx_word' id='word_1_316' title='bbox 1632 1736 1846 1784; x_wconf 90' lang='lat' dir='ltr'>tempora,</span> <span class='ocrx_word' id='word_1_317' title='bbox 1887 1730 1942 1772; x_wconf 87' lang='lat' dir='ltr'>fic</span> 
     </span>
     <span class='ocr_line' id='line_1_73' title="bbox 1140 1787 1942 1841; baseline 0.001 -13"><span class='ocrx_word' id='word_1_318' title='bbox 1140 1801 1220 1828; x_wconf 91' lang='lat' dir='ltr'>nos</span> <span class='ocrx_word' id='word_1_319' title='bbox 1254 1793 1517 1841; x_wconf 86' lang='lat' dir='ltr'>quaternum</span> <span class='ocrx_word' id='word_1_320' title='bbox 1550 1787 1726 1829; x_wconf 88' lang='lat' dir='ltr'>solenne</span> <span class='ocrx_word' id='word_1_321' title='bbox 1756 1802 1942 1841; x_wconf 87' lang='lat' dir='ltr'>agamus</span> 
     </span>
     <span class='ocr_line' id='line_1_74' title="bbox 1141 1846 1942 1899; baseline 0.001 -13"><span class='ocrx_word' id='word_1_322' title='bbox 1141 1846 1351 1886; x_wconf 88' lang='lat' dir='ltr'>ieiunium</span> <span class='ocrx_word' id='word_1_323' title='bbox 1373 1859 1451 1899; x_wconf 91' lang='lat' dir='ltr'>per</span> <span class='ocrx_word' id='word_1_324' title='bbox 1472 1852 1683 1899; x_wconf 91' lang='lat' dir='ltr'>quattuor</span> <span class='ocrx_word' id='word_1_325' title='bbox 1704 1847 1807 1887; x_wconf 91' lang='lat' dir='ltr'>anni</span> <span class='ocrx_word' id='word_1_326' title='bbox 1830 1852 1942 1887; x_wconf 90' lang='lat' dir='ltr'>tem-</span> 
     </span>
     <span class='ocr_line' id='line_1_75' title="bbox 1140 1903 1943 1958; baseline 0.001 -14"><span class='ocrx_word' id='word_1_327' title='bbox 1140 1917 1259 1958; x_wconf 88' lang='lat' dir='ltr'>pora.</span> <span class='ocrx_word' id='word_1_328' title='bbox 1303 1903 1476 1957; x_wconf 80' lang='lat' dir='ltr'>Quibus</span> <span class='ocrx_word' id='word_1_329' title='bbox 1497 1903 1772 1957; x_wconf 86' lang='lat' dir='ltr'>temporibus</span> <span class='ocrx_word' id='word_1_330' title='bbox 1793 1903 1943 1958; x_wconf 87' lang='lat' dir='ltr'>postea</span> 
     </span>
     <span class='ocr_line' id='line_1_76' title="bbox 1141 1961 1942 2011; baseline 0.001 -10"><span class='ocrx_word' id='word_1_331' title='bbox 1141 1961 1387 2002; x_wconf 90' lang='lat' dir='ltr'>institutum</span> <span class='ocrx_word' id='word_1_332' title='bbox 1410 1961 1483 2011; x_wconf 89' lang='lat' dir='ltr'>est,</span> <span class='ocrx_word' id='word_1_333' title='bbox 1503 1967 1551 2002; x_wconf 86' lang='lat' dir='ltr'>vt</span> <span class='ocrx_word' id='word_1_334' title='bbox 1574 1961 1698 2003; x_wconf 89' lang='lat' dir='ltr'>fieret</span> <span class='ocrx_word' id='word_1_335' title='bbox 1723 1961 1942 2003; x_wconf 87' lang='lat' dir='ltr'>sacrorum</span> 
     </span>
     <span class='ocr_line' id='line_1_77' title="bbox 1141 2019 1943 2073; baseline 0.001 -14"><span class='ocrx_word' id='word_1_336' title='bbox 1141 2019 1346 2060; x_wconf 91' lang='lat' dir='ltr'>ordinum</span> <span class='ocrx_word' id='word_1_337' title='bbox 1389 2019 1578 2060; x_wconf 90' lang='lat' dir='ltr'>initiatio</span> <span class='ocrx_word' id='word_1_338' title='bbox 1622 2033 1631 2061; x_wconf 91' lang='lat'><strong>:</strong></span> <span class='ocrx_word' id='word_1_339' title='bbox 1672 2033 1773 2073; x_wconf 88' lang='lat' dir='ltr'>quae</span> <span class='ocrx_word' id='word_1_340' title='bbox 1811 2025 1943 2060; x_wconf 88' lang='lat' dir='ltr'>antea</span> 
     </span>
     <span class='ocr_line' id='line_1_78' title="bbox 1142 2077 1942 2118; baseline 0 0"><span class='ocrx_word' id='word_1_341' title='bbox 1142 2077 1381 2118; x_wconf 88' lang='lat' dir='ltr'>Decembri</span> <span class='ocrx_word' id='word_1_342' title='bbox 1413 2077 1638 2118; x_wconf 88' lang='lat' dir='ltr'>duntaxat</span> <span class='ocrx_word' id='word_1_343' title='bbox 1670 2077 1816 2118; x_wconf 90' lang='lat' dir='ltr'>mense</span> <span class='ocrx_word' id='word_1_344' title='bbox 1849 2077 1942 2118; x_wconf 90' lang='lat' dir='ltr'>fieri</span> 
     </span>
     <span class='ocr_line' id='line_1_79' title="bbox 1142 2135 1943 2189; baseline 0 -13"><span class='ocrx_word' id='word_1_345' title='bbox 1142 2135 1438 2176; x_wconf 88' lang='lat' dir='ltr'>consueuerat.</span> <span class='ocrx_word' id='word_1_346' title='bbox 1496 2135 1812 2177; x_wconf 87' lang='lat' dir='ltr'>Coemeterium</span> <span class='ocrx_word' id='word_1_347' title='bbox 1835 2149 1943 2189; x_wconf 88' lang='lat' dir='ltr'>quo-</span> 
     </span>
     <span class='ocr_line' id='line_1_80' title="bbox 1141 2192 1945 2247; baseline 0.001 -13"><span class='ocrx_word' id='word_1_348' title='bbox 1141 2207 1228 2247; x_wconf 85' lang='lat' dir='ltr'>que</span> <span class='ocrx_word' id='word_1_349' title='bbox 1259 2193 1315 2234; x_wconf 93' lang='lat' dir='ltr'>de</span> <span class='ocrx_word' id='word_1_350' title='bbox 1344 2192 1418 2234; x_wconf 89' lang='lat' dir='ltr'>suo</span> <span class='ocrx_word' id='word_1_351' title='bbox 1447 2193 1626 2234; x_wconf 90' lang='lat' dir='ltr'>nomine</span> <span class='ocrx_word' id='word_1_352' title='bbox 1654 2193 1853 2234; x_wconf 91' lang='lat' dir='ltr'>condidit</span> <span class='ocrx_word' id='word_1_353' title='bbox 1873 2193 1945 2235; x_wconf 84' lang='lat' dir='ltr'>via</span> 
     </span>
     <span class='ocr_line' id='line_1_81' title="bbox 1141 2250 1943 2304; baseline -0.001 -11"><span class='ocrx_word' id='word_1_354' title='bbox 1141 2251 1306 2304; x_wconf 85' lang='lat' dir='ltr'>Appia,</span> <span class='ocrx_word' id='word_1_355' title='bbox 1348 2251 1391 2291; x_wconf 90' lang='lat' dir='ltr'>in</span> <span class='ocrx_word' id='word_1_356' title='bbox 1441 2250 1538 2291; x_wconf 90' lang='lat' dir='ltr'>loco</span> <span class='ocrx_word' id='word_1_357' title='bbox 1583 2251 1655 2292; x_wconf 92' lang='lat' dir='ltr'>vbi</span> <span class='ocrx_word' id='word_1_358' title='bbox 1703 2251 1943 2292; x_wconf 89' lang='lat' dir='ltr'>multorum</span> 
     </span>
     <span class='ocr_line' id='line_1_82' title="bbox 1141 2308 1944 2362; baseline 0 -13"><span class='ocrx_word' id='word_1_359' title='bbox 1141 2315 1386 2362; x_wconf 79' lang='lat' dir='ltr'>martyrum</span> <span class='ocrx_word' id='word_1_360' title='bbox 1417 2309 1583 2349; x_wconf 89' lang='lat' dir='ltr'>cineres</span> <span class='ocrx_word' id='word_1_361' title='bbox 1611 2314 1743 2350; x_wconf 89' lang='lat' dir='ltr'>antea</span> <span class='ocrx_word' id='word_1_362' title='bbox 1771 2308 1944 2362; x_wconf 80' lang='lat' dir='ltr'>repositi</span> 
     </span>
     <span class='ocr_line' id='line_1_83' title="bbox 1142 2366 1946 2408; baseline 0 -1"><span class='ocrx_word' id='word_1_363' title='bbox 1142 2366 1326 2407; x_wconf 86' lang='lat' dir='ltr'>fuerant.</span> <span class='ocrx_word' id='word_1_364' title='bbox 1390 2366 1614 2407; x_wconf 90' lang='lat' dir='ltr'>Postremo</span> <span class='ocrx_word' id='word_1_365' title='bbox 1638 2367 1713 2407; x_wconf 86' lang='lat' dir='ltr'>vbi</span> <span class='ocrx_word' id='word_1_366' title='bbox 1743 2380 1801 2407; x_wconf 89' lang='lat' dir='ltr'>ex</span> <span class='ocrx_word' id='word_1_367' title='bbox 1831 2366 1946 2408; x_wconf 89' lang='lat' dir='ltr'>ordi-</span> 
     </span>
     <span class='ocr_line' id='line_1_84' title="bbox 1144 2424 1947 2478; baseline -0.001 -13"><span class='ocrx_word' id='word_1_368' title='bbox 1144 2424 1399 2465; x_wconf 88' lang='lat' dir='ltr'>nationibus</span> <span class='ocrx_word' id='word_1_369' title='bbox 1414 2424 1559 2465; x_wconf 89' lang='lat' dir='ltr'>mense</span> <span class='ocrx_word' id='word_1_370' title='bbox 1574 2424 1811 2465; x_wconf 90' lang='lat' dir='ltr'>Decembri</span> <span class='ocrx_word' id='word_1_371' title='bbox 1822 2424 1947 2478; x_wconf 92' lang='lat' dir='ltr'>quin-</span> 
     </span>
     <span class='ocr_line' id='line_1_85' title="bbox 1144 2481 1947 2536; baseline 0 -14"><span class='ocrx_word' id='word_1_372' title='bbox 1144 2482 1270 2536; x_wconf 85' lang='lat' dir='ltr'>quies</span> <span class='ocrx_word' id='word_1_373' title='bbox 1315 2481 1489 2531; x_wconf 87' lang='lat' dir='ltr'>habitis,</span> <span class='ocrx_word' id='word_1_374' title='bbox 1525 2482 1808 2535; x_wconf 89' lang='lat' dir='ltr'>presbyteros</span> <span class='ocrx_word' id='word_1_375' title='bbox 1843 2481 1947 2535; x_wconf 89' lang='lat' dir='ltr'>.xvj.</span> 
     </span>
     <span class='ocr_line' id='line_1_86' title="bbox 1145 2539 1948 2593; baseline 0 -13"><span class='ocrx_word' id='word_1_376' title='bbox 1145 2540 1355 2580; x_wconf 88' lang='lat' dir='ltr'>diaconos</span> <span class='ocrx_word' id='word_1_377' title='bbox 1384 2539 1468 2592; x_wconf 76' lang='lat' dir='ltr'>,iiij.</span> <span class='ocrx_word' id='word_1_378' title='bbox 1496 2539 1723 2593; x_wconf 91' lang='lat' dir='ltr'>episcopos</span> <span class='ocrx_word' id='word_1_379' title='bbox 1743 2539 1833 2592; x_wconf 85' lang='lat' dir='ltr'>viij.</span> <span class='ocrx_word' id='word_1_380' title='bbox 1856 2553 1948 2580; x_wconf 87' lang='lat' dir='ltr'>cre-</span> 
     </span>
     <span class='ocr_line' id='line_1_87' title="bbox 1146 2597 1947 2651; baseline 0 -13"><span class='ocrx_word' id='word_1_381' title='bbox 1146 2597 1264 2646; x_wconf 91' lang='lat' dir='ltr'>asset,</span> <span class='ocrx_word' id='word_1_382' title='bbox 1290 2598 1502 2651; x_wconf 88' lang='lat' dir='ltr'>martyrio</span> <span class='ocrx_word' id='word_1_383' title='bbox 1530 2603 1766 2638; x_wconf 90' lang='lat' dir='ltr'>coronatus</span> <span class='ocrx_word' id='word_1_384' title='bbox 1795 2597 1867 2647; x_wconf 87' lang='lat' dir='ltr'>est,</span> <span class='ocrx_word' id='word_1_385' title='bbox 1894 2610 1947 2638; x_wconf 89' lang='lat' dir='ltr'>ac</span> 
     </span>
     <span class='ocr_line' id='line_1_88' title="bbox 1147 2654 1943 2709; baseline -0.001 -14"><span class='ocrx_word' id='word_1_386' title='bbox 1147 2655 1341 2708; x_wconf 89' lang='lat' dir='ltr'>sepultus</span> <span class='ocrx_word' id='word_1_387' title='bbox 1364 2655 1406 2694; x_wconf 93' lang='lat' dir='ltr'>in</span> <span class='ocrx_word' id='word_1_388' title='bbox 1430 2655 1685 2696; x_wconf 88' lang='lat' dir='ltr'>coemeterio</span> <span class='ocrx_word' id='word_1_389' title='bbox 1712 2654 1943 2709; x_wconf 89' lang='lat' dir='ltr'>Calopodij</span> 
     </span>
     <span class='ocr_line' id='line_1_89' title="bbox 1147 2711 1947 2765; baseline -0.001 -11"><span class='ocrx_word' id='word_1_390' title='bbox 1147 2714 1218 2754; x_wconf 87' lang='lat' dir='ltr'>via</span> <span class='ocrx_word' id='word_1_391' title='bbox 1248 2712 1434 2753; x_wconf 86' lang='lat' dir='ltr'>Aurelia</span> <span class='ocrx_word' id='word_1_392' title='bbox 1466 2712 1540 2765; x_wconf 81' lang='lat' dir='ltr'>‚iij.</span> <span class='ocrx_word' id='word_1_393' title='bbox 1573 2713 1630 2754; x_wconf 85' lang='lat' dir='ltr'>ab</span> <span class='ocrx_word' id='word_1_394' title='bbox 1661 2712 1767 2754; x_wconf 91' lang='lat' dir='ltr'>vrbe</span> <span class='ocrx_word' id='word_1_395' title='bbox 1799 2711 1947 2765; x_wconf 87' lang='lat' dir='ltr'>lapide</span> 
     </span>
     <span class='ocr_line' id='line_1_90' title="bbox 1148 2768 1948 2825; baseline 0.001 -14"><span class='ocrx_word' id='word_1_396' title='bbox 1148 2771 1288 2825; x_wconf 91' lang='lat' dir='ltr'>pridie</span> <span class='ocrx_word' id='word_1_397' title='bbox 1305 2771 1403 2811; x_wconf 89' lang='lat' dir='ltr'>idus</span> <span class='ocrx_word' id='word_1_398' title='bbox 1422 2768 1641 2813; x_wconf 60' lang='lat' dir='ltr'>Octobris.</span> <span class='ocrx_word' id='word_1_399' title='bbox 1660 2783 1760 2812; x_wconf 91' lang='lat' dir='ltr'>cum</span> <span class='ocrx_word' id='word_1_400' title='bbox 1779 2769 1948 2812; x_wconf 81' lang='lat' dir='ltr'>sedisset</span> 
     </span>
     <span class='ocr_line' id='line_1_91' title="bbox 1148 2828 1831 2882; baseline 0 -13"><span class='ocrx_word' id='word_1_401' title='bbox 1148 2842 1290 2869; x_wconf 89' lang='lat' dir='ltr'>annos</span> <span class='ocrx_word' id='word_1_402' title='bbox 1313 2828 1379 2882; x_wconf 89' lang='lat' dir='ltr'><strong>.vj.</strong></span> <span class='ocrx_word' id='word_1_403' title='bbox 1404 2828 1571 2869; x_wconf 86' lang='lat' dir='ltr'>menses</span> <span class='ocrx_word' id='word_1_404' title='bbox 1593 2842 1637 2870; x_wconf 89' lang='lat' dir='ltr'>x.</span> <span class='ocrx_word' id='word_1_405' title='bbox 1659 2828 1754 2869; x_wconf 88' lang='lat' dir='ltr'>dies</span> <span class='ocrx_word' id='word_1_406' title='bbox 1775 2841 1831 2870; x_wconf 83' lang='lat' dir='ltr'>.X.</span> 
     </span>
    </p>
   </div>
   <div class='ocr_carea' id='block_1_11' title="bbox 1216 2962 1641 3045">
    <p class='ocr_par' dir='ltr' id='par_1_12' title="bbox 1216 2962 1641 3045">
     <span class='ocr_line' id='line_1_92' title="bbox 1216 2962 1501 3006; baseline -0.004 -8"><span class='ocrx_word' id='word_1_407' title='bbox 1216 2962 1230 2984; x_wconf 80' lang='lat'>3</span> <span class='ocrx_word' id='word_1_408' title='bbox 1254 2963 1315 2998; x_wconf 87' lang='lat' dir='ltr'>die</span> <span class='ocrx_word' id='word_1_409' title='bbox 1337 2973 1377 3006; x_wconf 81' lang='lat'>14</span> <span class='ocrx_word' id='word_1_410' title='bbox 1396 2964 1436 2997; x_wconf 79' lang='lat' dir='ltr'>z&#39;n</span> <span class='ocrx_word' id='word_1_411' title='bbox 1455 2975 1501 2998; x_wconf 87' lang='lat' dir='ltr'>m.</span> 
     </span>
     <span class='ocr_line' id='line_1_93' title="bbox 1216 3010 1641 3045; baseline 0.002 -1"><span class='ocrx_word' id='word_1_412' title='bbox 1216 3010 1230 3031; x_wconf 74' lang='lat'>4</span> <span class='ocrx_word' id='word_1_413' title='bbox 1258 3010 1425 3045; x_wconf 84' lang='lat' dir='ltr'>Callistus</span> <span class='ocrx_word' id='word_1_414' title='bbox 1446 3022 1452 3045; x_wconf 88' lang='lat'><strong>:</strong></span> <span class='ocrx_word' id='word_1_415' title='bbox 1474 3011 1516 3045; x_wconf 90' lang='lat' dir='ltr'>R.</span> <span class='ocrx_word' id='word_1_416' title='bbox 1538 3011 1576 3045; x_wconf 88' lang='lat' dir='ltr'>P.</span> <span class='ocrx_word' id='word_1_417' title='bbox 1597 3011 1641 3045; x_wconf 90' lang='grc' dir='ltr'>Α.</span> 
     </span>
    </p>
   </div>
   <div class='ocr_carea' id='block_1_12' title="bbox 2024 2336 2066 3392">
    <p class='ocr_par' dir='ltr' id='par_1_13' title="bbox 2024 2336 2066 3392">
     <span class='ocr_line' id='line_1_94' title="bbox 2024 2336 2066 3392; baseline 0 0"><span class='ocrx_word' id='word_1_418' title='bbox 2024 2336 2066 3392; x_wconf 95' lang='lat' dir='ltr'> </span> 
     </span>
    </p>
   </div>
  </div>
 </body>
</html>
